4046 6460
267 377 320 444 tut

268 493 422 558 erudiendi
442 490 660 556 confessiones
674 490 820 570 precipi3
843 489 991 552 sulfrcere
1004 497 1055 551 ta-

268 611 354 669 men,
376 601 410 656 ut
430 591 613 656 certioratio
647 589 834 670 hujusmodi
866 589 918 652 liat
941 587 1054 652 saltem

268 713 325 771 per
348 692 538 771 scripturam
566 690 651 768 apud
675 689 783 766 ipsum
802 689 964 751 infirmum
1000 707 1052 777 re3

270 793 491 873 linquendum.

303 895 334 955 5.
353 895 407 955 «Et
422 910 489 968 eos,
501 891 556 972 qni
574 891 668 954 dictis
684 889 847 969 religiosis
865 889 1054 968 simpliciter

265 994 446 1072 approbatis
463 991 602 1070 paschali
616 999 758 1070 ternpore
771 987 910 1052 confessi
921 988 1051 1061 fuerint,

265 1091 500 1164 constitutioni,
518 1108 591 1171 qum
609 1090 744 1169 incipit:
767 1089 874 1150 Omnis
889 1089 1052 1166 utriusque

265 1209 371 1266 sexus,
404 1191 510 1271 quoad
534 1189 771 1253 confessionem
785 1188 938 1250 duntaxat
960 1187 1053 1248 sutis·

265 1290 381 1355 facisse
397 1289 591 1353 censendos.
607 1288 781 1368 Regulares
799 1304 875 1350 vero
892 1288 931 1349 ad
962 1286 1051 1364 ejus·

264 1389 354 1454 modi
378 1389 603 1452 confessiones
626 1389 805 1451 audiendas
836 1385 955 1465 prutvio
975 1400 1051 1446 era·

266 1492 353 1554 mine
380 1490 584 1571 simpliciter,
619 1497 649 1550 et
664 1490 785 1567 absque
814 1485 880 1549 ulla
898 1485 1051 1564 temporis

265 1586 478 1666 praelinitione
517 1587 556 1649 eb
591 1587 728 1665 ipsomet
764 1587 928 1664 episcopo,
958 1600 1051 1645 secus

265 1697 371 1750 autem
387 1687 426 1750 ab
441 1687 511 1767 ejus
527 1686 659 1759 vicario,
674 1696 728 1748 aut
739 1685 778 1747 ab
792 1684 1050 1747 antecessoribus

266 1789 428 1868 episcopis
445 1788 634 1867 approbatos
657 1803 721 1848 non
743 1802 836 1864 posse
851 1787 889 1848 ub
923 1785 1048 1858 eodem,

265 1885 385 1964 qnisic
413 1882 611 1963 approbarit,
635 1883 750 1945 iterum
778 1882 966 1954 examinari,
997 1889 1049 1944 ant

264 1985 305 2046 ab
319 1985 440 2048 eisdem
456 1981 715 2046 confessionibus
734 1981 902 2045 audiendis
914 1997 1051 2059 suspen·

265 2083 309 2159 di,
339 2101 397 2146 seu
416 2083 573 2156 licentias,
592 2081 656 2143 illis
677 2098 857 2155 concessus,
887 2081 1042 2154 revocari,

266 2185 329 2247 nisi
346 2201 428 2248 nove
453 2183 704 2264 superveniente
739 2199 845 2257 causa,
864 2199 936 2262 qum
963 2184 1049 2260 ipsus

265 2281 487 2347 confessiones
503 2263 746 2345 coaceruando
766 2297 829 2360 qua
845 2289 951 2342 tamen
963 2280 1048 2341 baud

266 2384 485 2448 necessarlum
505 2400 576 2446 esse
607 2389 640 2445 nt
660 2383 693 2443 in
719 2381 795 2443 actis
825 2388 960 2453 constet,
991 2397 1049 2442 nec

264 2585 426 2662 gnificare,
442 2583 500 2645 sed
516 2583 585 2644 sedi
609 2579 793 2659 apostolice
806 2583 969 2653 duntaxat,
991 2579 1045 2642 ubi

264 2700 334 2746 eam
349 2683 411 2744 sibi
429 2681 549 2762 aperiri
568 2680 788 2762 postulaverit.

303 2783 333 2845 o.
354 2785 469 2846 «Porro
484 2783 511 2844 si
536 2781 697 2862 regulares
713 2798 786 2843 cum
812 2779 973 2850 scandalo,
994 2786 1048 2842 aut

264 2885 344 2946 alius
359 2883 531 2946 inhoneste
550 2883 667 2955 vivant,
684 2881 733 2943 vel
745 2881 876 2961 aliquod
893 2879 1045 2942 delictum

264 2987 473 3058 committant,
502 3002 557 3064 per
583 2985 668 3062 quod
691 2981 873 3044 rutlnnabili
902 2981 1046 3060 episcopi

261 3084 387 3165 jndicio
406 3084 579 3166 videantur
598 3100 614 3144 a
631 3081 891 3145 confessionibus
907 3098 1049 3158 suspen-

265 3183 374 3255 dendi,
391 3181 424 3244 in
441 3198 505 3262 quc
524 3180 626 3258 ipsius
642 3179 784 3258 episcopi
819 3181 1045 3241 conscientium

265 3289 426 3344 oneratam
469 3299 541 3344 esse
588 3282 749 3354 volumus,
780 3297 850 3342 eum
889 3281 1046 3360 precipua

266 3383 405 3444 ministri
422 3382 611 3444 sacramenti
639 3382 835 3460 poenitentiae
850 3382 987 3462 qualitas
1006 3381 1047 3442 sit

266 3484 338 3546 vitae
352 3483 530 3564 integritus,
545 3499 580 3545 ac
595 3500 719 3544 morum
740 3483 908 3554 honestus;
933 3482 1047 3562 utique

266 3600 334 3645 eum
364 3599 489 3646 cansam
516 3584 555 3645 ad
587 3581 800 3646 confessionis
829 3581 1045 3644 ministerium

266 3685 438 3763 pertinere,
472 3699 508 3746 ac
531 3681 764 3760 proindenllril
794 3683 932 3756 obstare,
961 3698 1045 3760 quo·

267 3782 373 3844 nvlnus
408 3782 532 3844 obeam
559 3781 659 3859 possit
682 3781 854 3858 episcopus
883 3781 1046 3859 regulares

265 3899 281 3944 u
299 3880 473 3958 semetipso
491 3878 681 3958 approbatos
702 3879 913 3956 suspendere.
933 3887 986 3940 aut
1001 3896 1047 3940 re·

267 3979 386 4058 pellere
403 3996 420 4040 a
436 3977 697 4040 confessionibus
708 3977 891 4040 erudiendis.
903 3981 1046 4042 Attamen

265 4079 486 4140 confessiones
508 4077 660 4140 audiendi
683 4076 864 4140 facultatem
895 4079 1047 4141 omnibus

264 4178 362 4242 simul
374 4178 471 4241 unius
481 4184 658 4241 conventus
673 4177 873 4256 regularibus
885 4178 1047 4241 confesso-

266 4279 354 4342 ribus
378 4279 475 4342 adimi
504 4279 543 4342 ab
571 4279 735 4358 episeopo,
761 4276 942 4338 inconsulta
970 4278 1046 4339 sede

264 4379 449 4460 apostolica,
465 4381 652 4443 nullatenus
667 4394 770 4457 posse.
786 4377 830 4438 llr
845 4376 1048 4439 facultatibus

267 4501 323 4559 per
342 4499 427 4545 mure
450 4497 614 4561 magnum,
631 4477 734 4541 aliave
762 4477 928 4556 privilegia
951 4495 1047 4557 regu·

266 4581 385 4644 laribus
411 4579 633 4660 cujuscunque
660 4577 803 4651 ordinis,
828 4577 980 4652 instituti,
995 4585 1048 4638 ant

264 4681 438 4756 societatis,
450 4679 545 4742 etiarn
562 4681 653 4752 lesu,
675 4676 847 4750 concessis,
864 4676 974 4739 factam
1000 4677 1047 4737 eis

266 4799 330 4845 non
356 4798 428 4843 esse
447 4786 634 4860 potestatem
653 4777 842 4841 absolvendi
866 4777 900 4840 in
920 4777 1047 4840 casibus

265 4881 305 4944 ab
322 4880 473 4960 episcopo
490 4878 553 4940 sibi
571 4878 801 4941 reservatis.El
813 4894 869 4956 per
883 4879 1048 4938 confirma·

266 4981 371 5043 tiones
398 4979 557 5043 dictorum
576 4977 834 5058 privilegiorum,
851 4992 932 5055 quas
949 4993 1049 5056 regua-

266 5081 348 5144 lares
376 5095 393 5142 a
417 5079 493 5142 sede
519 5075 696 5156 apostolica
711 5083 781 5153 post
797 5091 922 5137 sacrum
938 5075 1047 5136 conci·

266 5181 344 5245 lium
356 5179 579 5243 'l'ridentinum
598 5175 828 5246 obtinuerunt,
845 5190 1047 5253 nequaqnam

265 5279 421 5343 revixisse
437 5273 606 5355 privilegiu
623 5273 712 5352 prius
724 5273 762 5335 eb
773 5274 885 5334 eudem
897 5272 1046 5346 concilio,

264 5389 318 5442 aut
334 5377 451 5440 deinde
462 5371 749 5454 apostollclsetium
763 5369 899 5435 decretis
912 5369 1046 5440 sublata,

265 5487 360 5558 atque
377 5475 668 5556 exstinctumque
687 5472 843 5536 habebant
859 5469 1046 5534 absolvendi

266 5597 282 5640 a
299 5577 425 5640 casibus
444 5577 596 5655 episcopo
613 5573 794 5660 reservatis.

304 5682 333 5741 'l.
350 5681 406 5740 vlit
437 5679 587 5741 hebentes
606 5673 784 5738 facultatem
809 5672 994 5736 absolvendi
1009 5673 1048 5736 ab

266 5781 418 5846 omnibus
435 5779 561 5844 essibus
576 5777 643 5840 sedi
657 5773 842 5853 apostolicae
864 5776 1044 5850 reservatis,

811 375 827 436 J
832 375 922 436 tlltls
936 371 1115 437 canonic!
1131 372 1392 436 COMPENDIUM.

1841 367 1897 430 eol

1111 489 1261 553 nonideo
1276 487 1430 553 acasibns
1444 489 1596 567 episcopo
1612 487 1782 550 reservatis
1800 503 1899 566 posse

1108 589 1285 655 absolvere.
1311 593 1408 654 Posse
1431 599 1538 654 eutem
1564 591 1742 668 regularem
1764 585 1898 652 confes·

1107 707 1213 752 sorem
1238 692 1272 753 in
1286 708 1321 754 eu
1337 691 1478 762 dioecesi,
1499 689 1531 751 in
1549 706 1611 768 qun
1627 693 1675 750 est
1689 686 1899 766 approbatus,

1111 791 1313 855 confluentes
1344 807 1386 853 ex
1408 792 1469 852 alla
1491 789 1619 852 dioecesi
1648 805 1665 850 a
1691 785 1831 866 peccatis
1863 787 1897 848 in

1107 891 1176 969 ipsa
1189 892 1372 967 reservatis,
1389 907 1451 952 nou
1464 896 1569 952 autern
1588 888 1621 950 in
1645 887 1711 961 illa,
1737 886 1792 948 ubi
1809 886 1898 948 idem

1107 990 1273 1052 confessor
1306 997 1354 1053 est
1386 989 1600 1069 approbatus,
1623 987 1801 1061 absoluere,
1832 985 1898 1047 nisi

1106 1092 1236 1154 eosdem
1254 1091 1444 1169 prenitentes
1471 1090 1597 1153 novarit
1617 1090 1649 1150 in
1676 1089 1823 1150 fraudem
1849 1103 1901 1148 re·

1106 1191 1299 1255 servationis
1314 1193 1352 1255 ad
1371 1191 1507 1254 alienam
1533 1191 1698 1255 dioecesim
1727 1205 1786 1269 pro
1802 1187 1900 1251 abso-

1109 1292 1231 1355 lutione
1246 1291 1420 1355 obtinenda
1445 1291 1612 1372 migrasse.
1631 1292 1750 1370 Vignre
1777 1306 1897 1366 supra·

1106 1391 1264 1455 dictorum
1289 1391 1533 1473 privilegiorum
1562 1409 1766 1472 nequaquem
1797 1391 1897 1452 licere

1107 1492 1319 1569 regularibus,
1334 1493 1427 1554 etiarn
1439 1490 1596 1554 setisfacta
1609 1500 1708 1570 purte,
1725 1490 1897 1553 absolvere

1106 1590 1297 1665 prenitentes
1325 1590 1508 1652 acensuris
1539 1592 1644 1670 ouoed
1666 1599 1838 1652 externum
1866 1599 1897 1649 et

1102 1688 1256 1766 judiciale
1271 1689 1388 1763 forum,
1406 1698 1437 1752 et
1458 1690 1623 1752 absolutos
1650 1690 1689 1752 ub
1705 1691 1753 1752 eis
1774 1688 1807 1749 ir.
1823 1687 1896 1750 foro

1105 1788 1462 1868 perfectionemque
1488 1807 1550 1850 non
1581 1789 1706 1850 censeri
1726 1787 1895 1850 absolutos

1105 1886 1139 1947 in
1156 1887 1307 1950 exteriori
1317 1889 1442 1968 judicio
1465 1895 1495 1952 et
1510 1891 1723 1951 contentioso.
1740 1887 1895 1963 erinimo

1105 1987 1253 2049 censuris
1271 1988 1499 2052 ecclesiasticis
1525 1989 1681 2062 irretitos
1700 1996 1731 2052 et
1761 1989 1892 2050 denun-

1107 2082 1201 2145 tiatos
1216 2084 1256 2146 ab
1268 2085 1442 2166 episcopis,
1460 2087 1529 2166 cogi
1542 2103 1636 2166 posse
1651 2103 1764 2164 gerere
1781 2102 1817 2146 se
1836 2104 1894 2164 pro

1104 2185 1232 2260 talibus,
1248 2188 1375 2251 etiamsi
1400 2206 1417 2251 a
1434 2189 1636 2269 regularibus
1656 2189 1777 2251 fuerint
1794 2188 1893 2249 abso·

1104 2283 1174 2346 lnti.
1191 2285 1325 2359 Quoties
1341 2287 1495 2348 exhibitis
1507 2288 1670 2366 aliquibus
1692 2287 1892 2366 regularium

1102 2385 1287 2462 apostolicis
1305 2387 1485 2464 privilegiis
1501 2401 1605 2449 coram
1619 2387 1783 2465 episcopo,
1798 2388 1840 2448 eb
1854 2403 1894 2448 eo

172 2539 174 2543 .
264 2501 333 2547 eam
351 2483 455 2549 teneri
475 2484 663 2564 episcopum
679 2480 760 2561 ipsis
784 2479 985 2558 regularibus
1001 2479 1047 2541 si·
1099 2483 1264 2562 Judicelur
1279 2486 1349 2564 ipsa
1365 2503 1430 2549 non
1452 2485 1621 2565 suffragari
1639 2487 1740 2558 casui,
1768 2489 1808 2548 de
1826 2503 1894 2566 quo

1102 2583 1219 2660 agitur,
1237 2581 1266 2644 si
1287 2585 1445 2648 dictorum
1465 2586 1708 2664 privilegiorum
1724 2586 1821 2648 verba
1839 2589 1894 2648 olt-

1102 2697 1195 2742 scura
1209 2681 1285 2752 sint,
1303 2690 1333 2744 et
1355 2683 1515 2763 ambigna,
1532 2699 1597 2746 nou
1615 2701 1687 2745 esse
1708 2683 1747 2744 ad
1765 2692 1889 2745 metro·

1103 2781 1280 2860 politanum
1305 2785 1551 2860 provocandum,
1569 2785 1624 2846 sed
1657 2801 1729 2845 enm
1748 2784 1821 2863 eJus
1849 2785 1892 2846 sit

1101 2879 1315 2956 interpretari,
1355 2881 1448 2962 cujus
1476 2891 1524 2944 est
1547 2882 1696 2958 condere,
1728 2885 1891 2947 dictorum

1104 2979 1356 3062 privilegiorum
1372 2982 1670 3060 interpretationem
1694 2983 1784 3044 sedis
1808 3000 1891 3060 apo·

1102 3081 1222 3144 stolicru
1244 3083 1380 3162 judicio,
1412 3091 1504 3160 prout
1544 3082 1622 3143 ulias
1652 3083 1888 3144 constitutione

1103 3183 1345 3259 predecessoris
1377 3184 1476 3245 nostri
1503 3182 1590 3244 felic.
1616 3199 1680 3244 rec.
1713 3183 1890 3246 Clementis

1101 3282 1153 3356 lv,
1168 3288 1322 3344 statutum
1336 3281 1410 3358 fuit,
1429 3301 1500 3345 esse
1515 3283 1778 3346 recurrendum.»

1145 3383 1177 3444 8.
1205 3383 1446 3444 «decernentes
1473 3381 1531 3455 sic,
1564 3387 1594 3442 et
1631 3397 1695 3443 non
1720 3381 1801 3442 alias
1833 3397 1891 3459 per

1102 3479 1889 3562 quoscunquejudicesordinuri0s‚veldelegatos

1102 3580 1216 3658 quavis
1240 3583 1444 3656 auctoritate,
1469 3590 1498 3644 et
1524 3580 1679 3661 dignitate
1700 3578 1889 3659 fungentes,

1102 3681 1195 3743 etlam
1221 3699 1386 3746 musarum
1410 3681 1516 3760 palatii
1540 3681 1706 3761 apostolici
1721 3682 1889 3744 auditores

1101 3797 1136 3842 ac
1152 3781 1182 3844 S.
1200 3783 1237 3843 ll.
1254 3784 1288 3844 li.
1314 3781 1406 3844 Card.
1439 3784 1532 3843 etlam
1550 3781 1590 3843 de
1618 3781 1716 3842 latere
1754 3780 1888 3858 legatos,

1102 3879 1307 3958 vicelegetos‚
1324 3881 1454 3943 nuntios
1484 3896 1515 3942 et
1530 3881 1662 3958 quosvis
1684 3880 1778 3954 alios,
1806 3880 1887 3942 sub·

1104 3980 1162 4041 latu
1178 3981 1237 4054 eis,
1253 3985 1410 4042 eteorum
1427 3978 1557 4040 cullibet
1568 3977 1682 4058 quavis
1698 3978 1891 4057 aliterJ'udi-

1102 4078 1206 4151 candi,
1225 4086 1255 4139 et
1273 4077 1503 4158 interpretandi
1521 4075 1668 4140 facultate
1696 4084 1726 4138 et
1748 4077 1891 4139 auctori·

1102 4185 1181 4252 tale,
1205 4177 1344 4256 iudicari
1375 4186 1407 4239 et
1439 4177 1565 4240 deliniri
1597 4177 1726 4239 dobere.
1756 4177 1887 4239 irritum

1103 4293 1231 4356 quoque
1260 4283 1290 4338 et
1304 4276 1399 4337 inune
1416 4274 1588 4355 quidquid,
1605 4291 1697 4338 secus
1713 4293 1813 4354 super
1836 4277 1888 4337 his

1102 4390 1300 4454 equoquaun
1327 4375 1441 4454 quavis
1461 4375 1648 4434 auctoritate
1671 4375 1810 4437 scienter
1836 4375 1887 4436 vel

1103 4474 1285 4552 ignoranter
1298 4472 1466 4552 contigerit
1480 4474 1659 4534 attentari.»

1144 4591 1158 4628 v
1175 4571 1205 4633 9.
1221 4572 1290 4632 Non
1307 4571 1521 4641 obstantibus,
1535 4578 1621 4634 etc...

1141 4670 1215 4730 Erec
1229 4668 1425 4743 constitutio,
1439 4669 1593 4747 superna,
1607 4669 1701 4748 injus
1714 4670 1888 4748 practicum

1103 4769 1227 4830 translit
1237 4785 1292 4846 per
1304 4767 1418 4830 multas
1432 4785 1591 4831 sacrarum
1602 4769 1887 4848 congregationum

1102 4869 1344 4933 declarationes.
1374 4873 1514 4950 ideoque
1537 4870 1626 4949 juxta
1643 4871 1787 4946 ejusdem
1807 4886 1887 4932 con·

1102 4971 1279 5033 stitutionis
1299 4980 1441 5032 tenorem
1464 4972 1536 5049 jure
1553 4979 1584 5031 et
1599 4967 1768 5047 privilegia
1789 4987 1886 5048 regu·

1104 5069 1218 5130 larium
1236 5071 1317 5131 circa
1330 5067 1587 5147 predicationem
1602 5073 1631 5128 et
1649 5076 1883 5128 sacramentum

1104 5165 1297 5243 poenitentiae
1306 5165 1446 5228 breviter
1471 5163 1698 5242 exponendum
1716 5160 1884 5223 habemus.

1102 5288 1116 5360 §
1134 5289 1168 5346 ll.
1181 5316 1213 5332 -
1228 5275 1268 5346 D'e
1282 5288 1445 5369 regularium
1456 5287 1567 5370 juribus
1590 5285 1663 5342 circa
1685 5283 1886 5358 predicationis

1397 5366 1590 5412 mrnrsterrnm.

1141 5472 1167 5533 l.
1203 5475 1340 5536 Possunt
1365 5469 1528 5552 regulares
1552 5471 1672 5552 absque
1703 5467 1830 5532 licentia
1857 5478 1888 5532 et

1103 5575 1325 5662 benedictione
1344 5575 1486 5656 episcopi
1503 5575 1676 5638 conciones
1690 5583 1721 5636 el
1735 5575 1886 5637 erlrorte-

1104 5677 1208 5739 tiones
1224 5665 1340 5738 habere
1355 5675 1393 5738 ad
1412 5676 1523 5738 fratres
1548 5691 1637 5750 suos,
1664 5675 1806 5756 exclusis
1822 5692 1884 5736 sm·

1104 5773 1285 5848 cularibus;
1321 5777 1396 5854 quia
1433 5777 1544 5838 fratres
1565 5777 1626 5838 snb
1655 5773 1884 5854 jurisdictione
