4004 6458
94 435 143 524 iil
365 474 461 538 1³le
479 477 532 542 lv:
550 481 598 542 llli
617 483 754 551 uncus,
774 515 809 552 .-
827 491 900 556 Llll.
921 495 972 558 lil.
996 499 1044 561 uli
1062 502 1161 567 illltii
1181 505 1400 576 LlTllltGlCd.
1651 523 1703 588 itt
1728 515 1730 520 ’

93 543 266 636 obtente⁸ab
289 579 443 664 episcopo
474 586 613 656 licentia.
630 594 747 663 Coetcru
769 601 866 666 deat-
964 609 1014 672 Vl.
1044 613 1177 690 Calices,
1208 618 1334 701 aliaque
1362 641 1435 689 rasa
1450 644 1537 694 sacru
1570 645 1703 714 urgente

91 673 200 736 taribus
219 676 289 739 nida
305 682 389 760 apud
407 686 602 757 rubriciatas.
918 710 1109 776 necessitate
1122 729 1257 796 possunt
1281 725 1394 802 randi;
1413 744 1484 791 cum
1507 731 1700 814 nectamus,

918 808 1004 884 quod
1032 812 1060 874 si
1076 817 1255 884 vendantur
1274 823 1374 900 laicis,
1391 828 1509 894 debent
1526 833 1699 914 prlurccn·

917 904 984 967 lieri
1004 915 1035 972 ct
1049 911 1162 977 saltem
1176 916 1293 1000 frangi,
1309 929 1341 988 ct
1357 924 1461 991 selum
1477 931 1700 1000 ecclesiasticis

124 975 249 1039 l.calix
277 985 310 1042 at
338 988 452 1060 patena
481 988 598 1054 debent
621 997 748 1062 essade
782 1017 861 1064 auro
917 1007 1699 1102 personispossuntintegrasineiractiouetendi.

87 1074 133 1135 rel
147 1084 287 1152 argento,
317 1084 365 1144 rel
393 1094 531 1164 stamen,
559 1091 602 1156 ita
625 1101 660 1158 ut
687 1098 715 1160 si
741 1113 805 1162 non
824 1118 863 1164 cx
915 1103 978 1168 Nec
994 1109 1116 1176 ratione
1134 1124 1381 1188 consecrationis
1396 1144 1506 1193 eorum
1525 1136 1695 1212 potcstall·

85 1193 172 1250 auro,
187 1178 298 1244 saltem
316 1200 356 1247 cx
370 1195 502 1266 argente
516 1191 664 1270 licetret
684 1198 723 1262 ad
741 1200 862 1277 minus,
914 1204 990 1282 quid
1019 1209 1093 1288 plus
1119 1216 1205 1296 exigi
1234 1221 1275 1283 eb
1302 1229 1514 1305 emptoribus,
1533 1233 1696 1300 cillervtil

83 1273 124 1334 ob
152 1291 293 1354 pugnam
327 1293 556 1365 paupertatem,
573 1307 612 1356 cx
632 1301 777 1375 stantum
805 1302 861 1362 sed
917 1305 1139 1382 gravissimum
1161 1317 1307 1385 simonias
1335 1336 1508 1403 peccatum.
1525 1319 1613 1416 (Arg.
1629 1353 1697 1420 cap.

84 1391 205 1451 semper
223 1396 325 1460 cuppa
352 1387 459 1450 calicis
476 1397 506 1452 et
529 1393 662 1460 interior
677 1407 787 1476 palene
802 1400 861 1466 dc·
911 1403 1071 1473 Nascentis
1082 1414 1113 1486 8,
1127 1415 1333 1506 docimesio.)

85 1474 157 1536 bini
173 1495 243 1542 0⁵⁵8
266 1492 393 1550 insili&-
412 1487 455 1574 ic·
475 1492 569 1556 Caii-'⁶
588 1495 638 1570 ib,
662 1501 707 1562 Di
722 1521 858 1566 cmliii?-
963 1527 978 1602 5
997 1529 1088 1588 tll.-
1100 1535 1139 1594 llc
1149 1545 1317 1602 accrementis
1328 1548 1537 1620 separementts
1548 1557 1643 1614 sacris.

82 1573 153 1686 Q·
182 1578 220 1652 ¹3
254 1587 285 1642 et
314 1592 417 1652 ⁰⁰⁰⁸¹·
443 1590 554 1660 ¹⁰⁰⁰⁰⁶
582 1595 636 1672 Νι
664 1599 727 1663 ⁸¹⁴⁶
757 1603 861 1667 Μ·
949 1641 971 1702 l.
992 1645 1695 1746 deuictusalbus,debentessecrline,alia

81 1670 169 1758 lace.)
911 1752 1090 1818 puramente
1106 1767 1142 1813 er
1163 1751 1232 1818 lena
1248 1757 1297 1828 rel
1314 1761 1447 1826 sericea.

947 1842 988 1906 ll.
1005 1845 1156 1915 Benedici
1173 1853 1296 1922 debent
1310 1859 1349 1923 eb
1375 1863 1526 1946 episcopo
1543 1867 1624 1933 vela
1648 1885 1695 1934 se·

907 1945 1035 2012 cerdote
1049 1950 1230 2021 facultatem
1246 1963 1437 2040 pontificiam
1465 1967 1616 2036 babeula.

945 2044 1061 2113 Caetera
1090 2055 1130 2119 de
1143 2064 1336 2136 paramentis
1351 2074 1383 2130 ct
1398 2067 1471 2132 aliis
1486 2073 1693 2152 supellectili·

292 839 307 913 5
325 843 360 900 ll.
376 877 411 887 -
425 847 463 906 De
476 851 550 909 neeis
565 855 659 915 sacris.

75 2087 159 2148 cum,
180 2077 235 2155 qui
253 2082 353 2146 utitur
378 2087 474 2151 celica
491 2088 608 2172 ligneo,
629 2105 682 2160 aut
697 2116 761 2162 nen
779 2119 853 2167 cun·
905 2144 925 2208 b

75 2183 205 2250 mmo,
221 2183 391 2248 commuta
410 2194 457 2251 est
483 2207 573 2269 poena
589 2194 799 2274 depositionis
816 2205 854 2266 ab
928 2154 1271 2232 usccclesterum.ctdc
1284 2166 1367 2246 apud
1383 2171 1524 2235 rubricas
1538 2175 1690 2247 Messalas,

75 2271 235 2342 officiosi
262 2283 491 2372 beneficiolc.
524 2293 575 2356 Ex
598 2283 712 2362 litliria
737 2301 786 2378 tt,
813 2307 854 2367 Da
906 2251 1197 2344 θιθρυάθωωθε
1225 2263 1688 2439 der.¹¹br.¹⁰¹⁸⁰¹¹¹¹urg¹‘:gg¹
1723 2297 1735 2394 ,Ι

74 2373 180 2438 ΝΜ,
196 2378 514 2471 Μωαω-Νθᾳυὴ
526 2397 695 2478 episcopus
707 2402 853 2483 delegere
905 2355 1087 2421 etenteslit
1100 2360 1140 2426 de
1157 2370 1401 2446 campanrscrdc
1418 2379 1494 2438 tom.
1513 2377 1537 2451 l,
1552 2392 1615 2439 ce.

72 2473 245 2550 simplicem
285 2487 479 2552 sacerdotem
511 2493 550 2555 ed
579 2495 710 2561 calicem
744 2518 854 2566 conse·
904 2458 936 2514 ⁹⁸
952 2453 1039 2520 1368·
1274 2590 1280 2610 1

70 2573 231 2637 arandum.
247 2581 296 2643 lix
314 2583 481 2667 privilegio
508 2597 613 2657 tamen
629 2607 762 2676 possunt
778 2603 852 2666 celi·
1192 2588 1306 2650 Cim
1327 2594 1396 2654 Vffl·

71 2686 121 2732 ecs
137 2681 167 2736 et
185 2685 325 2758 patenas,
341 2687 396 2747 sad
415 2693 536 2753 tantum
562 2711 621 2774 pro
636 2701 767 2764 servilio
782 2720 852 2765 stre·
993 2690 1032 2748 ⁰⁶
1045 2702 1217 2758 “immitit'‘
1234 2713 1259 2758 θ’
1284 2707 1400 2778 [⁰³⁶⁸ss
1418 2713 1593 2782 baptismatis.

71 2788 136 2834 rum
149 2777 368 2856 ecclesiarum,
388 2787 577 2856 benedicere
592 2811 650 2858 seu
665 2813 851 2866 consecrare
943 2801 1120 2873 llemissicc.
1131 2811 1214 2877 Setis
1224 2817 1263 2882 nd
1279 2827 1423 2886 nostrum
1433 2827 1528 2892 tinam
1545 2832 1685 2898 diriores

69 2870 195 2938 abbates
211 2880 331 2962 aliique
359 2887 477 2964 prelati
494 2907 589 2956 usum
619 2897 850 2976 pontificalium
901 2902 935 2964 in
951 2905 1005 2968 lib.
1022 2908 1077 2984 lll,
1093 2910 1137 2971 lic
1151 2917 1325 2998 episcopie:
1340 2931 1370 2984 ct
1386 2925 1419 2987 iu
1435 2925 1491 2991 lib.
1512 2930 1551 2993 vt
1574 2933 1613 2993 de
1628 2951 1686 3014 pc·

69 2968 232 3039 babentes.
901 3003 1015 3076 accitis,
1032 3014 1205 3086 prasertim
1221 3034 1291 3097 cup.
1306 3023 1350 3097 X,
1364 3025 1408 3086 xl
1428 3033 1459 3090 et
1470 3028 1544 3094 xtt.

102 3073 261 3142 lll.celir
288 3087 320 3146 et
347 3093 461 3162 patene
488 3092 615 3160 duobus
642 3101 853 3179 potissimum
1203 3139 1320 3200 cappe
1340 3142 1384 3201 tx,

66 3175 166 3238 modis
182 3185 452 3252 consecrationem
470 3194 632 3268 emittunt,
648 3199 770 3266 scilicet
792 3221 849 3284 per
973 3243 1123 3317 „emmo
1139 3259 1164 3305 θ,
1179 3252 1338 3314 mamm
1356 3259 1389 3314 at
1415 3277 1460 3318 m
1480 3267 1612 3324 cmm,

64 3272 267 3355 fractionem,
286 3288 317 3345 ct
331 3301 388 3363 par
400 3304 512 3354 noram
528 3293 775 3364 inaurationem.

206 3381 210 3390 -
241 3380 248 3394 ·
815 3405 821 3418 .
938 3355 1018 3420 Vide
1032 3362 1115 3439 epod
1132 3361 1297 3444 theologos
1314 3373 1503 3438 muretistns.

97 3375 153 3438 lv.
181 3380 267 3442 Prxrs
298 3400 357 3448 scu
380 3404 446 3461 ras.
471 3399 502 3454 et
534 3395 784 3480 tabernaculum,
813 3421 846 3468 rn

62 3474 179 3552 quibus
196 3487 443 3551 assertatores,
461 3491 672 3570 Eucharistie.
688 3500 763 3564 item
779 3519 846 3568 cor·
1201 3485 1317 3549 (ΝΜ
1336 3491 1369 3548 ¹·

62 3573 193 3650 perella,
214 3579 303 3657 pellae
317 3583 357 3645 ab
385 3586 536 3670 episcopo
551 3593 698 3660 benedici
713 3600 843 3668 debent.
1182 3599 1222 3656 ⁶⁶
1236 3604 1399 3661 cemeterii.

59 3672 195 3738 Possunt
211 3683 314 3743 tamen
331 3701 370 3746 ex
394 3685 519 3753 indulto
535 3695 742 3772 apostelicae
766 3702 841 3764 sim·
934 3707 958 3769 Ι.
987 3709 1172 3774 Coemetcrin
1202 3711 1321 3796 (Graece
1343 3728 1512 3802 κοιμητιριον
1532 3735 1677 3810 empse,

60 3771 194 3849 plicibus
207 3779 402 3861 presbyteris
419 3785 578 3856 benedici.
894 3809 1026 3889 dormio)
1042 3815 1117 3875 suut
1132 3812 1199 3876 loce
1214 3816 1391 3894 sepulturis
1403 3820 1578 3899 destinatae
1594 3833 1675 3908 apnrd

94 3875 130 3938 v.
146 3876 250 3953 Celix,
267 3891 393 3961 patena,
409 3893 440 3951 et
458 3889 520 3954 alie
545 3903 744 3975 ornamenta,
770 3919 845 3982 qum
892 3907 1091 3980 Christianos
1106 3919 1212 3974 autetu
1231 3913 1295 3978 brec
1313 3915 1380 3980 loca
1402 3927 1478 3984 sunt
1490 3925 1589 3990 sacris
1605 3930 1676 3992 riti-

57 3974 238 4046 immediate
262 3989 422 4068 attingunt
452 4008 569 4072 corpas
597 4006 630 4060 et
650 4001 838 4080 sanguinem
892 4006 1173 4074 bussanctldcatt.

55 4077 184 4156 Christi,
199 4089 234 4146 ut
248 4095 323 4152 sunt
339 4093 502 4171 corporale
518 4103 549 4158 et
565 4099 656 4175 pelle,
676 4119 739 4165 non
765 4121 840 4184 pns-
929 4107 1167 4187 caemeterium,
1195 4130 1250 4192 pce
1276 4116 1456 4183 solemnem
1479 4121 1674 4191 benedictio·

54 4187 123 4240 sunt
138 4183 224 4260 tangi
240 4202 257 4246 a
271 4185 372 4262 laicis,
389 4197 420 4253 ct
435 4193 650 4260 multominus
664 4218 680 4262 a
694 4200 835 4278 leminis,
889 4221 976 4284 nem,
992 4227 1007 4270 n
1023 4206 1096 4271 loco
1109 4210 1241 4288 proinno
1257 4215 1338 4279 allici
1357 4218 1461 4282 locum
1475 4223 1673 4303 religiosum,

54 4287 144 4352 prout
170 4279 305 4349 bebatur
332 4289 367 4352 iu
393 4309 460 4370 cop.
476 4295 589 4358 Sacros
616 4299 666 4374 ut,
694 4301 768 4366 diat
784 4306 834 4369 ιιι.
888 4307 954 4370 imo
967 4308 996 4374 ci
1015 4316 1166 4391 tauquam
1178 4312 1325 4378 ecclesias
1339 4321 1508 4398 appendici
1522 4324 1619 4390 etlam
1634 4329 1674 4392 da

54 4381 733 4478 'langereeuimrasesacrnquauduuon
754 4421 835 4468 con·
883 4407 956 4486 jure
981 4407 1217 4474 immunitatem
1256 4414 1391 4481 localem
1417 4435 1493 4485 esse
1516 4423 1671 4491 indultam
1707 4504 1714 4516 ,

53 4480 237 4549 linentactu
252 4503 370 4570 corpus
383 4500 416 4555 et
433 4498 623 4574 sanguinem
638 4501 769 4581 Christi,
787 4514 835 4571 cst
886 4517 1083 4584 compartum
1101 4513 1160 4571 eat.

52 4585 233 4652 restrictum
245 4591 452 4658 subdiaconis
465 4599 618 4675 privative
631 4605 736 4684 quoad
753 4609 836 4673 alica
922 4601 1084 4672 Ecclesiae
1098 4617 1129 4674 ei
1144 4616 1337 4692 emeterio,
1367 4623 1597 4699 innocencium
1616 4643 1669 4692 re·

51 4685 214 4752 ministros
229 4705 295 4754 neu
310 4702 522 4762 consecratos.
546 4698 594 4780 (G.
611 4702 684 4766 Neu
711 4717 838 4788 opertet
886 4705 1010 4790 ligiam.
1032 4708 1142 4788 iunxit
1158 4713 1330 4778 concilium
1363 4717 1581 4798 Lugdunensc
1608 4727 1669 4790 sub

50 4785 94 4858 ill,
109 4797 141 4850 et
156 4805 227 4868 cap.
245 4791 318 4855 Non
336 4793 433 4858 liceat
446 4798 497 4873 ct,
515 4801 591 4866 dist.
606 4805 671 4887 illl.)
695 4808 837 4883 Quando
883 4803 1039 4885 Gregorio
1051 4809 1092 4884 X,
1109 4811 1289 4876 decernens
1302 4820 1336 4878 ut
1347 4837 1368 4876 a
1379 4828 1506 4884 cessant
1519 4820 1553 4886 iu
1568 4825 1688 4889 eccle.

48 4895 149 4952 autem
166 4893 333 4958 continent
349 4905 421 4962 actu
446 4917 563 4981 cerpus
586 4909 617 4968 at
642 4910 834 4990 sanguinem
881 4907 939 4972 siis
965 4925 1139 4993 carumque
1157 4917 1355 4982 cunctariis
1378 4921 1613 5001 negotiationes
1637 4933 1668 4990 at

47 4983 173 5066 Christi,
195 4993 280 5074 tangi
299 5007 477 5078 nequeum,
498 5001 564 5066 nisi
578 5021 596 5067 a
610 5009 834 5077 sacerdotibus·
880 5009 1040 5091 precipua
1055 5014 1269 5080 nundinarum
1291 5035 1330 5082 ac
1357 5019 1418 5085 lori
1444 5025 1667 5108 cujuscunque

48 5093 74 5147 ct
89 5089 237 5154 diaconis
252 5094 410 5173 privative
426 5101 521 5163 etium
536 5104 640 5184 quoad
650 5106 832 5186 ipsassup.
879 5109 1049 5188 tumultus,
1064 5113 1171 5176 omnis
1184 5115 1219 5176 in
1239 5116 1289 5178 eis
1300 5119 1504 5184 secularium
1523 5124 1666 5205 judicie·

47 5186 208 5254 tllacuuos.
227 5193 275 5271 (G.
292 5198 363 5260 eod.
382 5197 451 5262 Nou
467 5203 614 5286 aportat.)
629 5239 667 5254 -
681 5209 827 5277 facultas
878 5225 948 5272 rum
963 5211 1116 5290 strepitus
1130 5215 1348 5294 conquiescat,
1371 5219 1458 5284 nuile
1474 5221 1556 5286 inibi
1568 5241 1663 5288 censa

46 5291 192 5366 tangendi
209 5309 282 5357 resa
307 5312 394 5361 sacra
411 5317 508 5365 vacue
533 5319 686 5371 concessa
701 5309 826 5376 ridetur
877 5325 933 5388 pcc
954 5309 1054 5375 laicos
1076 5313 1256 5380 criminalis
1272 5319 1422 5396 agitetur,
1435 5321 1501 5386 sint
1527 5323 1595 5390 luca
1610 5343 1664 5390 ea·

44 5388 132 5450 allam
151 5393 307 5472 accolytuis
320 5398 351 5459 in
364 5399 434 5480 ipse
450 5403 556 5472 misse
568 5405 758 5474 ministerio.
774 5412 821 5493 (G.
876 5410 948 5476 darn
965 5429 986 5476 a.
997 5413 1150 5476 laicorum
1159 5417 1399 5498 cognitionibus
1413 5422 1527 5516 aliena.
1545 5447 1563 5484 ι

42 5483 106 5549 ll'en
129 5488 287 5570 ticeetae,¹
305 5497 376 5561 dist.
407 5500 471 5580 ιθ.)
499 5501 537 5566 Bt
559 5521 598 5568 ex
616 5509 823 5587 probabiliori
915 5513 1127 5577 Admissioin
1150 5517 1341 5581 caemeteriis
1355 5521 1393 5584 ad
1412 5525 1658 5590 aeclesiasticam

43 5591 208 5664 sententie,
224 5611 395 5661 rasasecre
413 5617 510 5665 vacua
530 5612 618 5670 antra
634 5609 822 5675 sucrificium
874 5614 1086 5691 sepultorem,
1107 5615 1231 5680 ridetur
1256 5633 1328 5682 asse
1359 5623 1482 5700 specics
1512 5627 1657 5738 quedam

42 5681 121 5748 licito
151 5699 288 5768 possent
321 5701 407 5777 tangi
436 5702 475 5764 ab
503 5705 654 5770 omnibus
683 5709 820 5788 clericis,
872 5710 1123 5776 communionis.
1149 5713 1232 5779 ilinc
1251 5720 1403 5799 estquod
1433 5737 1657 5788 excommune-

42 5783 128 5848 etiam
145 5791 211 5852 sota
229 5794 328 5871 prima
359 5806 488 5866 tonsure
502 5802 647 5878 initiatis.
664 5807 819 5887 (Faunae.
871 5814 948 5876 cetis
964 5813 1114 5895 ubisque
1130 5817 1250 5896 quibus
1266 5818 1301 5882 in
1318 5819 1400 5884 vivis
1424 5839 1488 5886 noe
1511 5839 1655 5934 commu·

44 5884 120 5946 rerlr.
143 5887 219 5949 l'csc
240 5910 340 5970 secan,
359 5913 390 5960 n.
409 5899 452 5978 u.)
872 5915 1028 5990 nicomas,
1045 5931 1107 5980 uon
1123 5921 1245 5981 tantum
1262 5921 1426 5998 sepultura
1441 5923 1481 5987 sit
1504 5926 1657 6004 neganda,
