4042 6458
108 331 164 400 sat
428 327 525 392 atas
542 325 600 389 Ill.
623 327 673 392 ott
694 327 890 392 ecnsoms.
908 349 946 366 -
964 329 1039 392 tta.
1059 331 1111 394 tx.
1135 331 1184 393 DE
1204 330 1343 407 Laicis,
1367 331 1447 394 ETC.
1695 331 1749 397 tia

104 443 181 522 ipsa
205 439 379 522 possessis.
402 441 488 518 (lieo
512 439 680 506 conclusio
707 449 756 506 est
779 441 820 506 de
845 442 905 508 lide
961 443 1020 504 etis
1036 442 1203 508 deheresi
1219 441 1442 517 Wicleliii,his
1457 439 1624 505 terminis:
1639 442 1749 506 Utrum

104 541 217 622 quoad
232 537 504 620 omnespartos.)
962 544 1068 606 credor
1100 544 1183 624 quod
1209 541 1568 625 superascendentes
1598 551 1628 606 et
1662 545 1750 605 incc-

151 646 182 705 t.
199 643 246 708 lix
262 640 465 705 damnatione
481 655 539 720 per
555 641 646 703 ioan.
666 640 760 704 xxn
780 639 814 704 in
841 656 900 704 ex·
960 638 1066 702 denter
1088 639 1169 702 bono
1193 643 1265 721 ipsc
1279 641 1489 704 ecclesiastico
1509 641 1576 702 rint
1602 650 1750 721 tanquam

105 751 187 806 trar.
212 743 291 806 oum
316 743 403 805 inter
421 743 592 805 nonnullos
617 741 655 815 i,
672 747 703 805 et
722 741 804 818 Quia
827 759 906 822 quc-
961 737 1110 818 socriteqt'
1142 739 1318 819 puniendi,
1349 741 1472 803 etiamsi
1502 738 1580 801 rnolc
1609 741 1750 802 viverem

104 841 255 906 rumdam
269 844 300 918 ιι,
317 842 365 906 ιιι.
378 859 433 906 xtv
449 841 681 922 propositionis
697 850 732 905 ut
746 841 904 906 heretice
959 853 1100 918 persone
1122 840 1338 904 ecclesiastice
1352 841 1433 904 bono
1452 839 1633 922 hujusmodi
1644 844 1748 923 possi·

105 950 149 1006 de
172 949 358 1024 paupertate
376 941 494 1006 Christi
511 948 541 1005 et
556 941 788 1020 apostolorum,
809 941 907 1023 ltuJus
959 939 1080 1004 ¹derttcr.
1101 942 1181 1006 ltem
1200 961 1208 1002 ι
1226 943 1335 1006 Utrum
1346 941 1453 1004 credet
1471 943 1554 1022 quod
1570 943 1750 1024 hujusmodi

106 1042 235 1104 tenoris
262 1064 270 1104 ι
297 1041 476 1106 «Christus
492 1047 523 1104 et
537 1039 696 1120 apostoli,
716 1039 750 1104 in
771 1039 813 1103 iis
836 1056 908 1120 qne
960 1041 1077 1104 oblatio
1094 1050 1123 1105 rt
1138 1043 1261 1128 invasio
1276 1042 1451 1124 cuicunque
1474 1043 1643 1119 sacerdoti,
1657 1046 1750 1105 attona

107 1140 269 1206 habuisse
292 1141 461 1221 leguntur,
485 1146 607 1204 tantum
628 1139 810 1203 babuerunt
833 1139 906 1203 abs·
960 1140 1040 1204 mole
1067 1144 1200 1214 uiuenti,
1227 1150 1356 1217 temere,
1390 1142 1440 1204 cet
1463 1145 1616 1206 uiolenter
1645 1147 1748 1226 sacto,

106 1259 177 1320 que
202 1241 277 1322 jore
301 1241 414 1322 aliquo
440 1239 619 1320 simplicem
651 1256 746 1304 usum
771 1237 858 1303 loeti.
891 1262 905 1298 a
960 1241 1009 1304 cel
1029 1239 1120 1304 illota
1142 1240 1273 1302 inducat
1297 1238 1510 1320 socriicqium.
1527 1244 1670 1323 ideoque
1690 1245 1750 1324 qui

108 1344 150 1407 Et
178 1342 275 1404 etiam
303 1358 342 1404 ιι
371 1340 577 1404 ιιιιιιιιιιιοιιι
605 1355 663 1418 per
691 1339 854 1402 Urbanum
880 1341 906 1402 V
961 1341 1118 1404 affirmant
1137 1341 1225 1421 qnod
1250 1339 1451 1414 colerentes,
1469 1340 1617 1405 tollentes
1642 1350 1673 1406 et
1696 1346 1749 1407 in-

106 1441 378 1522 propositionum
390 1440 539 1520 Dionysii
554 1438 699 1502 Solcchat
723 1437 908 1503 eiraticel·
964 1442 1114 1509 radentes
1141 1442 1223 1506 bona
1249 1443 1319 1522 ipsa
1349 1443 1565 1506 ecclesiastica
1593 1460 1657 1508 non
1685 1445 1750 1508 sint

115 1542 345 1616 loromsecta;
361 1541 436 1602 item
452 1556 492 1602 ιι
508 1538 712 1600 damnatione
731 1555 789 1616 per
810 1554 909 1618 syno-
961 1548 1112 1621 tanquam
1138 1541 1286 1622 sacrilegi
1311 1542 1487 1623 puniendi,
1505 1551 1560 1606 aut
1585 1545 1641 1624 qui
1662 1544 1750 1608 vitu·

107 1641 189 1703 dom
206 1637 486 1702 constantiensem
502 1643 532 1698 et
548 1635 907 1698 Martinnmvtoannis
961 1647 1073 1719 perant
1099 1657 1262 1704 summum
1288 1641 1472 1721 pontificem
1500 1657 1539 1704 ιο
1561 1642 1648 1723 qnod
1675 1642 1750 1704 talia

107 1741 269 1806 Wiclellii
288 1742 546 1824 propositionum
566 1741 621 1814 to,
637 1740 692 1812 32,
709 1740 764 1814 33,
783 1741 839 1817 36,
854 1741 906 1824 ιιι.
962 1748 1094 1822 agentes
1120 1741 1400 1814 excommunicet,
1429 1759 1537 1822 neque
1562 1742 1611 1804 eis
1646 1742 1750 1817 cedat,

109 1841 259 1922 ideoque
288 1842 347 1922 qni
371 1848 488 1922 negant
513 1839 568 1920 jus
591 1839 740 1902 divinum
757 1839 908 1904 Ecclesiae
961 1840 1101 1920 suspecti
1126 1849 1202 1903 sunt
1221 1841 1260 1903 de
1283 1839 1396 1904 heresi
1420 1840 1586 1918 Wielellii,
1605 1851 1636 1904 ιι
1660 1841 1688 1902 si
1716 1841 1751 1904 in

109 1937 257 2004 habendi
273 1949 304 2002 et
330 1940 519 2020 possidendi
540 1939 622 2002 bona
643 1946 673 2000 et
692 1938 766 2018 jura
781 1945 907 2016 tempo·
959 1936 1076 2000 iisdem
1101 1939 1337 2002 assertionibus
1363 1939 1570 2017 pertinaciter
1599 1955 1752 2018 perseve-

110 2039 206 2114 ralia,
224 2047 302 2104 sunt
316 2039 470 2113 heretici,
488 2047 518 2104 et
533 2055 550 2102 a
563 2039 654 2102 nullo
667 2039 733 2102 nisi
749 2053 908 2102 asumma
961 2045 1055 2114 rent,
1074 2043 1241 2119 nequeunt
1255 2038 1374 2102 anullo
1387 2035 1452 2102 alio
1463 2055 1559 2119 qoam
1576 2057 1592 2102 a
1606 2041 1750 2104 Romano

108 2141 286 2219 pontifice,
312 2147 525 2220 preterquam
550 2138 584 2200 in
610 2137 748 2202 articulo
775 2139 907 2213 mortis,
961 2139 1128 2219 pontifice,
1157 2144 1369 2220 preterquam
1396 2140 1429 2202 in
1454 2140 1589 2204 articulo
1618 2141 1750 2217 mortis,

107 2241 241 2306 absotri
256 2247 414 2320 possunt3
440 2239 693 2319 sacerdotesque
716 2254 910 2318 presumen·
961 2237 1104 2316 absolri;
1127 2239 1375 2318 sacerdotesque
1403 2239 1453 2304 rel
1479 2241 1574 2304 etiam
1606 2243 1751 2322 episcopi

109 2345 162 2400 tes
180 2339 445 2414 eosabsolvere,
471 2337 623 2418 majorem
648 2337 910 2400 excommnnica-
962 2337 1041 2402 tales
1065 2337 1233 2403 absolvere
1256 2347 1505 2417 presumentes,
1532 2341 1685 2421 majorem
1719 2348 1752 2405 et

112 2437 242 2500 tionem
276 2439 446 2502 incurrunt
477 2454 517 2500 ex
543 2435 633 2502 bulla
664 2435 840 2499 Pastcrctt'a
874 2435 908 2500 in
962 2445 1157 2501 reservatam
1172 2438 1540 2504 excommunicationem
1563 2439 1749 2520 incurrunt,

110 2538 237 2601 Coena.
962 2553 1003 2600 ex
1027 2537 1115 2601 bulla
1132 2538 1241 2602 Cone.

152 2637 188 2697 2.
212 2637 261 2698 Ex
275 2649 344 2714 cap.
358 2649 454 2714 supra
467 2631 521 2696 cit.
536 2632 614 2698 Cum
627 2633 711 2694 inter
727 2631 909 2708 nonnullos,
1000 2637 1031 2702 ι.
1054 2640 1100 2701 Ει
1119 2639 1271 2702 omnibus
1285 2637 1403 2719 positis
1426 2637 1602 2718 premissis
1618 2639 1753 2706 deduci·

111 2741 282 2814 extrarsg.
296 2735 391 2798 ioan.
406 2733 516 2807 lixit.
531 2733 571 2795 de
584 2733 644 2796 lide
657 2738 705 2794 esi
719 2751 735 2787 a
749 2731 909 2794 Christum
962 2743 1016 2799 tur
1035 2737 1098 2802 alia
1114 2738 1258 2819 rigorosa
1271 2745 1303 2802 ct
1318 2739 1408 2802 raldo
1420 2740 1559 2802 notanda
1571 2741 1750 2819 conclusio,

111 2834 257 2914 ejusque
280 2831 466 2914 apostolos,
490 2833 524 2894 id
552 2842 601 2895 est
625 2831 824 2906 Ecclesiam,
851 2831 909 2894 ha·
963 2835 1088 2900 scilicet
1111 2838 1197 2917 quod
1224 2836 1279 2917 jos
1303 2837 1510 2918 proprietatis
1532 2838 1685 2902 Ecclesie
1708 2841 1753 2904 sit

77 2947 82 2958 ·
111 2935 232 2998 baisse
255 2950 330 2998 cum
353 2933 450 3013 pleno
472 2932 547 3014 iure
574 2931 706 3011 aliqua,
735 2930 849 2996 saltem
876 2930 909 2994 in
958 2935 1015 3016 J'us
1038 2953 1244 3016 supremum,
1269 2953 1342 3000 curn
1370 2937 1413 2999 sit
1437 2937 1477 3000 ab
1499 2938 1589 3000 omni
1612 2940 1753 3006 numana

111 3038 296 3102 communi.
321 3059 337 3096 ι
367 3040 449 3118 Ergo
472 3037 512 3100 de
529 3035 590 3098 fide
605 3041 728 3098 certnm
750 3031 910 3113 estquod
962 3041 1134 3115 potestate,
1152 3035 1192 3100 ab
1208 3035 1360 3099 omnibus
1372 3035 1575 3100 secularium
1599 3037 1753 3104 civilibus

112 3138 282 3213 Ecclesia,
303 3145 397 3216 prout
414 3131 910 3208 estsocietasdiuino-bumana,
963 3133 1091 3214 legibus
1121 3134 1358 3214 independens.
1390 3135 1460 3198 Etsi
1488 3133 1588 3215 igitur
1619 3135 1754 3202 minima

112 3237 203 3301 bona
234 3255 292 3300 sua
314 3235 511 3315 ¹temporalia
539 3234 580 3298 de
604 3233 679 3314 jure
702 3232 815 3294 divino
838 3246 914 3308 pos·
963 3234 1064 3299 inerit
1092 3235 1240 3300 Ecclesia
1268 3235 1463 3317 proprietas,
1497 3236 1623 3302 etiamsi
1651 3255 1754 3304 unum

112 3340 235 3402 sidcat.
254 3371 294 3384 -
309 3337 453 3416 ideoque
480 3337 693 3398 assertionem
719 3330 911 3396 contrariam
964 3342 1085 3399 tantum
1100 3333 1240 3415 agellum
1253 3334 1287 3397 in
1301 3335 1455 3399 uniuerso
1468 3335 1547 3401 orba
1559 3336 1751 3417 possideret,

113 3440 319 3519 pertinacem
343 3443 490 3500 tenentes
506 3443 537 3498 at
552 3434 745 3496 affirmantes
761 3438 837 3494 sont
852 3429 913 3492 be-
964 3433 1052 3497 hunc
1068 3437 1099 3497 ri
1113 3433 1199 3515 juris
1221 3434 1274 3497 sni
1296 3435 1460 3514 supremi,
1478 3436 1634 3500 naturalis
1655 3444 1686 3502 ot
1704 3437 1753 3502 di·

116 3539 235 3616 retici,
255 3545 287 3603 et
302 3543 468 3619 nequeunt
486 3551 504 3599 a
522 3534 613 3598 nullo
628 3533 694 3597 alio
709 3547 804 3613 quam
818 3547 837 3592 a
850 3530 914 3592 Eo·
963 3531 1031 3595 vini
1047 3531 1214 3610 proprium
1230 3529 1373 3600 haberet.

115 3655 217 3703 mano
249 3637 396 3718 pontifice
424 3633 570 3710 absolsi,
604 3631 668 3695 nisi
699 3631 734 3694 in
767 3626 912 3709 periculo
1003 3631 1117 3711 ltaque
1139 3645 1343 3710 quecunque
1369 3630 1574 3712 proprietatis
1600 3633 1753 3698 Ecclesie

116 3737 255 3814 mortis;
274 3743 509 3817 consequenter
530 3734 712 3796 sacerdotes
735 3737 792 3794 aut
816 3729 912 3792 etiam
966 3729 1097 3794 violatio
1126 3736 1298 3794 attentatur
1328 3728 1397 3811 juri
1433 3733 1655 3813 suprematie,
1682 3733 1752 3816 juri

116 3838 268 3917 episcopi
292 3842 523 3916 presumentes
541 3833 674 3896 eosdem
690 3832 812 3910 absque
833 3844 914 3908 pon·
965 3836 1103 3906 eterno,
1123 3827 1192 3910 juri
1213 3829 1343 3910 proprio
1361 3831 1421 3895 oei
1447 3831 1570 3912 ipsius,
1589 3833 1647 3914 qui
1665 3833 1753 3898 indi-

117 3939 219 4000 tificia
242 3934 393 3998 facultate
417 3931 606 4005 absolvere,
627 3929 781 4009 majmem
803 3933 834 3988 et
859 3942 911 3988 re·
965 3927 1060 3990 visim
1085 3943 1159 3990 cum
1178 3927 1322 3992 Ecclesia
1348 3929 1513 4008 possiden
1538 3930 1655 4011 triplex
1679 3933 1751 3998 rio·

112 4042 282 4099 serratam
317 4030 684 4096 excommunicationem
723 4027 912 4102 incurrunt,
965 4028 1044 4092 latio
1064 4045 1137 4108 que
1161 4044 1224 4092 non
1248 4033 1373 4091 tantum
1397 4027 1520 4092 lurtum
1542 4037 1573 4094 et
1598 4029 1752 4112 injuriam

118 4151 161 4198 ιι
179 4133 269 4196 botta
286 4129 465 4193 Peroratio
484 4129 518 4192 in
532 4128 654 4191 Cossa.
966 4143 1040 4191 cnm
1054 4126 1267 4191 restitutionis
1286 4127 1502 4208 obligatione,
1518 4130 1576 4194 sed
1591 4131 1687 4197 etiam
1702 4150 1754 4197 sa-

159 4238 193 4299 3.
211 4238 259 4299 De
281 4235 341 4298 lide
360 4241 407 4296 est
429 4230 604 4296 Ecclesiam
619 4225 702 4310 {jore
726 4225 836 4290 divino
858 4227 915 4290 lsa-
966 4225 1092 4307 crilegii
1108 4227 1230 4291 crimen
1244 4225 1431 4299 constituit,
1448 4234 1479 4292 ιι
1493 4231 1753 4298 excommnnica-

119 4338 201 4402 ltere
217 4335 352 4417 plenum
368 4341 399 4396 et
423 4331 618 4413 perfectum,
639 4331 706 4390 imo
723 4341 914 4405 supremum
966 4327 1065 4390 tionis
1087 4333 1257 4392 reservate
1277 4342 1400 4406 penam
1423 4326 1497 4407 ipso
1519 4327 1604 4393 iacto
1627 4337 1658 4394 et
1677 4331 1753 4413 iure

120 4447 153 4502 et
169 4443 359 4514 exemptum
371 4450 390 4497 a
404 4430 551 4496 seculari
564 4433 718 4509 potestate
731 4424 913 4490 dominium
967 4427 1117 4490 incurrit.
1773 4481 1782 4538 2

119 4535 271 4601 inbonis
297 4541 328 4598 ιι
355 4532 485 4614 juribus
516 4527 749 4609 temporalibus
775 4525 814 4588 ab
843 4524 915 4606 ipsa
1006 4524 1135 4590 Prelata
1163 4523 1322 4604 principia
1343 4529 1460 4586 sancte
1477 4524 1566 4587 sedis
1591 4531 1752 4606 tempora-

120 4634 300 4717 possessis.
317 4667 357 4682 -
372 4635 403 4696 1·
426 4633 473 4696 Ex
487 4634 703 4709 extravagant.
726 4627 804 4690 Cum
830 4627 915 4688 inter
966 4627 1015 4690 les
1034 4632 1135 4689 status
1149 4623 1262 4688 eodem
1277 4623 1421 4688 modoac
1439 4623 1587 4688 minimas
1602 4626 1754 4694 Ecclesie

119 4735 297 4800 nonnullos
313 4734 344 4810 ι,
360 4739 392 4797 ιι
406 4731 491 4810 Quia
508 4725 767 4810 quarumdam-b,
793 4725 842 4789 ιιι.
857 4741 914 4788 xtr
967 4725 1180 4808 proprietates
1195 4723 1229 4788 in
1241 4739 1435 4804 quacunque
1449 4724 1562 4788 mundi
1576 4731 1663 4804 parte
1674 4727 1754 4791 sitas

121 4841 219 4900 toart.
236 4835 347 4910 xxtt;
362 4834 395 4895 E·
410 4835 456 4895 Ex
466 4827 670 4894 damnatione
683 4823 916 4906 propositionis
968 4831 1096 4906 regunt.
1111 4823 1236 4888 Exinde
1252 4820 1339 4902 quod
1355 4819 1506 4888 Ecclesie
1521 4823 1697 4902 proprietas
1713 4825 1756 4889 sit

121 4937 264 5006 Marsilii
281 4933 426 5000 Patavini
442 4949 540 5012 supra
553 4931 664 5005 citata;
679 4930 711 4992 3·
729 4947 768 4992 ιι
786 4930 916 4993 damna·
964 4925 1020 5007 jos
1035 4924 1182 5010 naturale
1204 4937 1390 5002 supremum
1407 4923 1618 5002 sidicinum,
1640 4940 1757 4990 consa-

121 5045 216 5105 tione
227 5028 619 5118 propos.ioan.Wiclellii
631 5031 668 5092 is
675 5046 731 5110 per
741 5027 916 5092 concilium
968 5027 1079 5108 quitur
1093 5024 1194 5090 solam
1212 5023 1385 5088 Ecclesiam
1403 5039 1498 5104 posse
1513 5041 1663 5089 exercere
1680 5027 1757 5108 jura

121 5140 373 5206 constantiense
383 5145 415 5200 ιι
426 5135 601 5200 Martinam
613 5131 758 5210 V‚hojus
769 5130 915 5192 tenoris:
969 5143 1128 5206 supreme
1144 5124 1309 5205 potestatis
1325 5129 1355 5186 et
1376 5123 1565 5202 gubernalia
1587 5121 1622 5187 in
1642 5139 1756 5189 omnes

123 5265 140 5302 a
164 5239 300 5305 Domini
320 5235 514 5316 temporales
536 5237 673 5309 possunt
691 5230 731 5294 ad
748 5229 917 5292 arbitrium
968 5225 1148 5289 intentantes
1169 5223 1204 5287 in
1228 5223 1367 5287 dirersis
1388 5222 1562 5286 territoriis
1587 5223 1628 5287 ad
1652 5224 1756 5304 ipsam

124 5357 225 5404 soum
241 5337 369 5401 auferre
383 5337 466 5398 bona
481 5330 670 5412 temporalia
687 5331 726 5395 ab
752 5327 916 5404 Ecclesia,
969 5321 1219 5405 pertinentibus.

126 5429 613 5521 possessionatis'habitualiter
636 5424 916 5507 delinquentibus,
981 5407 995 5480 ¹·
1010 5423 1073 5484 lies
1098 5437 1170 5484 cum
1203 5419 1248 5481 ita
1271 5415 1356 5489 sint,
1381 5413 1481 5496 idque
1514 5431 1609 5480 nemo
1639 5433 1757 5497 negare

125 5538 160 5600 iti
176 5545 227 5602 est
240 5553 282 5600 ex
296 5533 421 5606 habitu,
437 5547 502 5595 non
516 5529 622 5593 solum
637 5534 710 5590 actu
723 5523 919 5602 delinquen·
971 5521 1095 5604 possit,
1114 5518 1179 5583 nisi
1211 5518 1315 5599 ipsam
1330 5514 1485 5581 Ecclesiae
1500 5517 1674 5580 essentiam
1697 5517 1758 5581 de·

126 5645 228 5702 trous.
247 5657 264 5695 ι
282 5665 321 5686 -
335 5635 418 5697 item
431 5647 472 5693 ιι
484 5628 626 5694 lormula
648 5625 721 5689 lidei
740 5640 796 5704 per
810 5620 919 5686 iiarti·
972 5621 1141 5696 struendo,
1158 5617 1418 5685 concludendum
1433 5624 1482 5681 est
1499 5617 1620 5683 nullam
1641 5633 1758 5701 supre-

128 5753 208 5802 nom
229 5731 438 5811 v,an.1t18
464 5728 616 5810 imposita
632 5723 786 5792 omnibus
801 5738 917 5803 suspe·
974 5722 1103 5790 matiam
1121 5719 1330 5802 temporalem
1343 5725 1381 5804 ,ιι
1400 5717 1529 5786 cirilem
1546 5719 1665 5786 melios
1682 5735 1757 5786 esso

227 5837 498 5902 iusmuomcurr.
518 5831 557 5895 tt.
1581 5819 1616 5890 ll
