4004 6458
321 379 375 458 pp
836 381 951 449 tuate
968 375 1152 446 caueam
1168 377 1436 444 mantua.
1712 375 1719 386 ’
1883 397 1922 468 ru

324 499 384 566 sad
412 499 623 580 approbante.
643 531 682 548 -
711 495 810 563 conc.
852 494 1120 571 constantiense·
1170 493 1329 573 pertineat
1339 499 1495 574 potestate
1512 507 1572 561 aaa
1584 495 1705 562 abusae
1717 497 1769 564 sit.
1787 501 1922 584 Praeterea.

323 615 407 663 sess.
432 601 482 674 ta,
516 599 770 680 prohibitionem
805 598 978 680 quamdam
1008 597 1114 661 sancit
1168 592 1297 655 articuli
1316 595 1401 674 apnd
1430 593 1552 659 Gallias
1582 598 1726 676 oranaict
1760 601 1924 678 distinet

324 698 387 760 aab
420 715 510 777 poena
540 697 886 762 excommunicationis
917 704 949 761 et
976 700 1115 761 carceris
1168 702 1200 758 et
1223 695 1244 755 'l
1265 694 1384 759 multos
1414 694 1497 759 alios
1521 713 1615 760 casus
1641 699 1878 778 appellationum
1897 717 1924 777 ab

323 795 457 860 duorum
470 802 622 864 namium
635 801 668 864 in
687 817 912 881 quoscunque.
925 801 1051 863 etiamsi
1065 817 1116 863 re·
1169 797 1272 860 abusu
1283 797 1612 876 nampreoeadereat
1626 799 1670 862 lte
1694 807 1729 863 ut
1744 802 1809 866 iere
1834 823 1924 876 onnes

323 913 380 976 ges
405 896 539 963 inerint.
564 902 643 964 item
661 919 768 981 pmnes
782 905 971 983 corporales
989 911 1020 966 et
1036 913 1117 966 tem·
1170 899 1312 962 numeriae
1332 898 1570 974 ecclesiastieae,
1584 901 1827 980 iurisdictiones
1841 917 1868 971 st
1881 931 1924 991 po.

324 996 449 1076 porales
470 1000 614 1063 decernit
633 1020 714 1066 sess.
737 1005 836 1073 liet
852 1013 884 1066 et
905 1006 956 1066 37.
970 1005 1114 1090 -Coacf
1168 1003 1300 1060 testatos
1314 999 1435 1063 divinae
1459 1000 1536 1063 nuic
1572 1000 1718 1064 netandae
1745 1006 1879 1070 servituti
1902 1026 1924 1077 n

323 1097 549 1162 l'rideatlnurn
565 1101 607 1163 ita
623 1114 731 1166 contra
748 1104 931 1168 duellantes
950 1105 1109 1169 dccccvii:
1169 1099 1331 1180 stetilogoe
1351 1099 1556 1180 usurpationi
1571 1101 1721 1166 obnoxiae
1742 1105 1926 1177 rideantnret

323 1195 388 1272 stt'
413 1216 487 1260 vtro
512 1218 651 1282 puppem
677 1206 995 1288 commiserintctput'
1009 1225 1115 1268 eorum
1172 1199 1251 1260 tiul-

322 1300 449 1375 patriai
466 1317 633 1379 occantur,
660 1309 1116 1371 excommonicationisetom-
1209 1298 1308 1380 atqui
1342 1307 1449 1365 teman
1477 1308 1618 1380 potestas
1651 1304 1811 1367 acerrimis
1838 1315 1927 1388 nequir

324 1396 413 1457 niara
452 1398 605 1462 bonorum
643 1421 777 1466 suorum
806 1409 1055 1486 proscriptione,
1078 1427 1114 1472 oc
1173 1399 1319 1478 recipere
1337 1417 1396 1464 nec
1411 1402 1640 1482 appellationes
1651 1403 1808 1483 simplices
1823 1425 1873 1470 nac
1884 1431 1927 1494 ap.

323 1507 484 1575 perpetue
506 1501 643 1581 infamio
680 1521 800 1585 ponera
827 1509 995 1570 incurrent
1009 1531 1018 1578 ;
1036 1518 1115 1572 etat
1165 1499 1355 1582 pelletiostes
1377 1519 1589 1584 quaerunque
1621 1507 1818 1586 torpuerant
1840 1509 1925 1576 elma

324 1593 486 1657 arsacide
509 1599 610 1679 josto
638 1620 748 1664 sacros
779 1623 914 1667 renones
934 1611 1115 1686 punirtde-
1208 1605 1285 1666 Nam
1301 1605 1332 1664 t⁰
1349 1604 1524 1683 judiciaria
1538 1607 1738 1670 ecclesiatica
1757 1617 1927 1688 potestaten

326 1691 431 1756 deest.
449 1697 546 1776 (Sese.
559 1699 611 1774 25,
627 1702 672 1762 De
693 1707 822 1785 reform.
836 1723 863 1769 o.
878 1709 960 1787 itti
1168 1706 1440 1782 supernaturalis,
1471 1707 1550 1771 duro
1576 1709 1752 1771 auctoritas
1778 1709 1873 1774 civilis
1893 1729 1927 1780 est

367 1794 520 1858 Probatur
542 1800 610 1867 vti.
628 1805 754 1865 tandem
786 1823 826 1866 ex
844 1809 1034 1886 dogmaticis
1056 1812 1114 1875 de·

326 1889 529 1960 finitionibus
545 1898 579 1962 io
615 1902 804 1979 procedenti
826 1909 1049 1987 propositione
1064 1932 1114 1976 re-

325 1990 411 2065 latis,
429 2002 464 2056 ut
489 1996 600 2060 ridere
613 2009 675 2063 eet.

364 2093 463 2172 item
493 2097 633 2164 lioelasia
652 2117 715 2164 non
735 2105 836 2182 potnit
866 2125 974 2173 errare
1004 2111 1038 2174 in
1055 2129 1114 2177 sua

324 2191 416 2269 praxi
434 2205 597 2274 perpetua,
611 2199 644 2262 in
659 2204 882 2270 sanctionibus
897 2210 1111 2277 conciliorum

323 2298 609 2379 &armenicorum
625 2305 659 2368 in
678 2307 925 2376 definitionibus
944 2314 1105 2396 dogmati·

323 2393 372 2456 oie
399 2395 441 2459 de
474 2409 631 2478 potestate
652 2423 709 2470 sue
727 2411 869 2474 coactiva
884 2413 979 2476 etiam
1007 2419 1113 2498 quoad

326 2509 436 2572 peenas
465 2503 660 2580 temporales
678 2515 710 2570 et
723 2511 917 2590 corporales.
935 2518 1019 2596 Ergo
1035 2517 1115 2582 noae

328 2598 516 2668 potestatem
549 2597 641 2663 habet
669 2605 818 2671 Ecclesia
845 2627 886 2673 ea
930 2612 1005 2692 jure
1046 2623 1113 2681 tum

325 2692 486 2770 naturali,
513 2703 581 2760 tum
596 2700 718 2770 divino.

633 2859 810 2908 condensata.

359 2967 381 3028 l.
400 2972 439 3032 Ex
451 2974 558 3040 dutbru
572 2982 761 3054 superioribus
772 2991 1006 3062 propositionibus
1020 2997 1115 3068 senai-

326 3067 372 3116 tur
385 3062 537 3130 Ecclesiam
547 3070 657 3130 tatere
670 3075 841 3146 iudiciariam
856 3094 883 3138 ea
902 3088 1052 3146 eoactirauu
1065 3103 1116 3159 pt·

325 3161 451 3212 testatem
467 3173 523 3218 non
541 3169 647 3222 tanturn
662 3181 677 3222 a
691 3167 753 3240 jure
766 3175 895 3242 naturali,
912 3177 960 3232 sed
977 3179 1060 3236 etiarn
1080 3184 1116 3244 alr

324 3241 385 3315 ipso
403 3245 513 3306 Christo
526 3261 554 3308 et
568 3261 866 3332 consequenteranre
878 3265 995 3334 positivo
1010 3270 1114 3340 divino,

325 3337 366 3392 uti
380 3339 455 3397 clare
471 3343 609 3416 reperitur
626 3349 653 3402 in
668 3351 787 3408 textibus
808 3369 892 3412 seerae
909 3356 1057 3432 Seriptnrae
1074 3366 1116 3425 al·

324 3425 399 3494 lotis,
414 3439 441 3484 et
458 3445 590 3502 expresse
603 3435 733 3494 definitur
746 3439 773 3495 in
793 3442 1000 3506 delinitionibus
1013 3453 1114 3512 citatis.

325 3517 397 3592 arpo
413 3519 485 3579 hanc
506 3534 670 3595 potestatem
694 3545 751 3587 non
776 3539 852 3589 tenet
873 3535 994 3598 Ecclesia
1016 3559 1031 3598 a
1053 3545 1116 3617 jure

325 3609 459 3681 hamno,
478 3629 530 3672 nec
544 3617 580 3673 ab
601 3619 656 3676 uile
673 3630 808 3691 potestate
822 3631 978 3700 temporali.

361 3705 396 3762 ll.
412 3707 536 3767 Potestas
552 3715 663 3785 proprie
686 3715 758 3775 dicta
771 3721 915 3794 judiciarie
928 3729 1114 3806 exteriorque

330 3795 451 3856 Ecclesia
463 3801 528 3872 iure
539 3804 635 3863 divino
648 3811 839 3878 pentecoste
853 3817 925 3872 cirili
945 3829 974 3875 et
990 3825 1114 3882 ecculm

324 3897 460 3958 potestate
476 3895 591 3954 omnino
609 3899 808 3972 independens,
827 3910 900 3966 unde
916 3913 1114 3983 appellationes

323 3979 360 4036 nt
373 3981 460 4040 alasa
471 3986 563 4055 aleta,
580 3990 694 4060 illicitae,
707 3995 834 4056 invalidae
845 4010 873 4057 et
886 4005 1026 4078 florilegae
1039 4019 1114 4067 surrt.

364 4094 472 4159 index
492 4101 732 4172 ecclesiasticus
753 4127 811 4176 sua
840 4123 997 4194 potestate
1025 4121 1114 4186 abuti

324 4195 492 4266 peteetael
505 4196 654 4278 injustam
670 4210 863 4274 sententiam
876 4220 1114 4294 pronuntiando

1168 1806 1335 1870 naturalis.
1350 1808 1447 1870 Porro
1459 1810 1705 1886 supernaturale
1724 1810 1757 1872 in
1772 1813 1926 1896 nullopep.
1976 1815 1977 1864 t

1168 1907 1253 1970 dete
1274 1909 1411 1971 naturali
1432 1915 1487 1972 aut
1502 1909 1532 1972 ei
1549 1910 1796 1974 subordinatum
1814 1921 1867 1982 est.
1887 1923 1926 1980 sad
1976 1909 1977 1962 ff

1167 2014 1276 2070 contre
1297 2023 1434 2087 :ersom
1447 2009 1547 2082 [lade¹
1570 2025 1610 2071 ex
1636 2009 1732 2072 dictis
1747 2013 1836 2074 etiem
1860 2015 1926 2090 aiiii,

1168 2107 1928 2192 potestesspiritualisjudicetomnia,etlonrpnte-
1976 2137 1977 2140 ¹

1168 2208 1927 2291 statemcivilem,ipsareroaneminejudieatur.
1976 2237 1977 2246 ¹

1167 2311 1251 2390 Ergo
1287 2319 1427 2390 potestas
1452 2309 1669 2373 ecclesiastiea
1704 2309 1868 2390 judiciarie
1892 2327 1927 2376 est
1976 2379 1977 2388 ,

1168 2410 1303 2474 omnino
1326 2418 1359 2474 et
1387 2407 1525 2491 perfecte
1554 2411 1780 2490 independens
1808 2427 1826 2473 a
1852 2429 1928 2477 eaeo

1168 2509 1241 2572 lori.

1206 2613 1240 2672 ἢ·
1254 2610 1287 2674 Si
1314 2617 1454 2688 potestas
1476 2611 1640 2674 secularis
1663 2611 1757 2672 anilo
1783 2610 1868 2673 nrodo
1885 2629 1926 2676 aa·

1168 2716 1236 2773 otor
1249 2715 1297 2772 est
1312 2710 1477 2790 potestatis
1502 2710 1667 2790 judicialis
1681 2708 1835 2782 ecclesie,
1850 2719 1879 2772 ut
1893 2723 1927 2773 est

1168 2812 1209 2874 de
1226 2813 1298 2887 lide,
1324 2813 1513 2875 nullomodo
1539 2813 1637 2875 etiem
1660 2829 1696 2874 se
1721 2820 1822 2891 potest
1848 2812 1926 2876 intro·

1169 2913 1298 2976 mittere
1326 2912 1360 2976 in
1392 2931 1456 2976 usu
1490 2913 1588 2995 hujus
1614 2913 1794 2992 potestatis,
1820 2915 1926 2994 ejusque

1168 3014 1290 3077 abusus
1321 3015 1492 3094 corrigere.
1527 3015 1604 3077 llam
1631 3014 1658 3076 si
1686 3011 1790 3094 judex
1823 3015 1927 3077 inierier

1169 3117 1335 3187 erraverit,
1361 3133 1420 3180 seu
1446 3117 1568 3180 abusus
1596 3113 1706 3190 luerit,
1742 3133 1760 3178 e
1795 3117 1925 3194 superiori

1170 3217 1407 3292 emendabitur,
1438 3223 1473 3279 ut
1490 3223 1600 3294 postea
1616 3217 1813 3288 ridebimus,
1841 3213 1885 3276 ubi
1899 3217 1927 3277 de

1169 3317 1442 3397 appellationibus
1471 3317 1701 3380 ecclesiasticis
1729 3333 1803 3396 que
1816 3325 1880 3378 eunt
1893 3331 1927 3376 re·

1169 3419 1313 3481 medium
1350 3418 1551 3499 iudiciorum
1583 3417 1869 3481 ecelesiasticorum
1892 3433 1926 3476 er·

1170 3520 1365 3583 nendorunr.
1378 3519 1408 3583 si
1424 3535 1498 3581 aero
1518 3518 1620 3599 judex
1636 3519 1788 3598 superior
1805 3519 1927 3580 erraverit

1169 3617 1394 3690 emendabitur
1409 3633 1589 3697 esupremo
1599 3639 1608 3692 ς
1620 3617 1648 3679 si
1660 3633 1834 3695 supremus
1847 3629 1926 3678 anun

1169 3715 1926 3800 erraverit,luneeqnidemjndieialiteremendari

1167 3818 1252 3882 intra
1277 3817 1452 3882 Ecclesiam
1485 3833 1549 3881 non
1577 3819 1710 3898 poteritc
1753 3834 1859 3880 aerum
1887 3833 1927 3876 aec

1168 3919 1270 3999 magis
1282 3926 1370 3982 extre
1384 3933 1442 3998 per
1457 3925 1590 3994 statum,
1616 3916 1674 3997 qui
1689 3919 1823 3980 omnino
1843 3916 1926 3978 nolles
1977 3993 1978 3996 Ἴ

1170 4026 1220 4082 est
1249 4019 1283 4082 in
1307 4019 1366 4082 hae
1383 4027 1482 4100 perte.
1977 3997 1978 4036 ¹

1207 4119 1239 4182 3·
1266 4121 1358 4184 Tunc
1377 4119 1587 4200 appellentes,
1617 4125 1687 4180 tom
1719 4114 1924 4198 appellationes

1168 4221 1363 4303 recipientes
1387 4221 1461 4284 laici
1488 4219 1585 4284 etiam
1612 4217 1777 4297 principes
1800 4215 1925 4296 suppari,

325 4289 376 4352 ael
394 4289 584 4370 judicialem
613 4301 762 4367 ordinem
793 4325 856 4372 non
879 4318 1051 4381 servando.
1080 4320 1112 4382 si
1167 4319 1291 4385 crimen
1316 4320 1477 4400 sacrilegii
1505 4318 1691 4394 admittunt,
1709 4317 1790 4398 quia
1813 4317 1863 4397 jus
1889 4317 1926 4376 lir-

324 4390 499 4468 ’ΝΜΟ
532 4396 585 4460 ⁰⁰²
615 4402 740 4467 'iiim
772 4406 954 4488 injustitie,
984 4427 1114 4482 vocator
1167 4416 1925 4490 elesimdirinumolfenduotetriolant.ldeooue

323 4489 498 4600 appellatio
511 4495 659 4577 simplae,
685 4510 842 4581 etmertt
869 4511 898 4574 si
921 4525 1029 4578 antem
1058 4535 1115 4599 ap·
1168 4519 1525 4588 excommunicationist
1550 4516 1678 4598 majoris
1725 4515 1860 4596 pontitiei
1886 4531 1923 4576 rc·

324 4591 456 4700 petratio
484 4593 526 4656 ola
543 4611 791 4696 norr'aerraturn
819 4607 1020 4685 iudiciorum
1056 4633 1110 4681 or·
1167 4631 1300 4685 serrato
1327 4637 1451 4700 pmnem
1481 4621 1662 4690 incurrunt,
1682 4633 1723 4680 ex
1743 4615 1925 4678 nertenna-

322 4685 434 4752 d¹n⁰m
459 4691 692 4776 mmmmm·
712 4707 889 4787 appellatio
908 4719 1108 4793 ‘flammae
1166 4723 1246 4785 ralis
1275 4723 1567 4800 corneliensis.
1598 4717 1685 4781 rerb.
1714 4717 1808 4780 nean
1833 4712 1924 4782 arti,

322 4787 1114 4904 ‘⁶“⁸'?¹¹⁰“¹¹⁰⁸¹¹¹'·¹¹¹¹0tutrtururerpeuane·
1168 4841 1200 4887 a.
1225 4825 1276 4897 ae,
1292 4825 1330 4886 sa
1356 4833 1385 4886 a
1407 4824 1457 4888 se:
1486 4821 1713 4884 essersene.
1747 4817 1821 4880 xtv
1847 4823 1924 4877 coac.

325 4905 399 4952 Μ
414 4892 496 4957 '¹¹⁰⁸
520 4896 693 4968 “medii
715 4911 802 4988 (1⁰⁰⁶
827 4911 860 4974 5¹¹
888 4917 985 4992 priori
1002 4923 1114 5000 appel·
1166 4923 1359 4999 Pontoreia,
1374 4926 1467 4987 Mart.
1503 4919 1603 5001 lili.)
1621 4923 1700 4984 item
1715 4935 1827 4982 omnes
1843 4931 1924 4996 ponas

324 4983 447 5052 latione
470 4995 632 5080 princeps,
665 5003 851 5089 sivejudex
876 5012 977 5078 laicus
1001 5021 1042 5082 de
1078 5039 1112 5084 re
1166 5027 1360 5091 violentiam
1386 5024 1613 5088 immunitates
1644 5017 1924 5085 ecelesiastieasin·
1977 5027 1978 5030 ’

323 5088 541 5160 aeclesiastica
563 5108 726 5182 cognoscit
740 5109 915 5191 etjudicat‚
932 5134 971 5179 an
988 5120 1113 5184 scilicet
1166 5139 1313 5196 currunt.

323 5198 485 5313 sententia
513 5219 586 5267 enm
614 5209 715 5273 sacris
742 5217 922 5281 canonibus
945 5231 1111 5300 congruat,

323 5309 442 5373 neonae
466 5317 500 5362 tn
530 5308 747 5384 appellatione
777 5333 888 5378 aarum
903 5327 1053 5402 tanquam
1069 5324 1111 5387 ab

322 5394 439 5470 abusu.
459 5417 523 5465 non
550 5403 590 5469 de
605 5407 691 5487 iurare,
709 5416 764 5476 sed
782 5416 821 5479 da
834 5416 915 5502 laeto
936 5425 1112 5502 cognoscit,
1870 5493 1875 5506 .

324 5503 433 5562 ultum
449 5517 502 5564 ea.
517 5521 567 5585 gr.
582 5511 932 5597 ecclesiasticusjudex
949 5522 1111 5602 legitimos
1166 5511 1220 5585 51.
1236 5539 1272 5559 -
1295 5509 1428 5578 Quonam
1456 5521 1547 5563 causa
1563 5505 1597 5564 ad
1625 5503 1714 5560 lorum
1733 5499 1923 5558 ecclesiastieae

323 5605 420 5664 testes
448 5615 480 5668 et
500 5606 589 5686 ipsos
613 5610 775 5693 litigantes
804 5621 956 5697 audierit,
975 5641 1014 5686 an
1043 5625 1111 5687 sui·
1479 5577 1644 5648 mmm·

321 5699 481 5768 ilcientem
495 5707 680 5777 defensioni
704 5714 809 5780 locum
824 5720 961 5798 dederit,
990 5741 1030 5786 aa
1047 5727 1107 5788 de·
1203 5721 1352 5794 Qnatuor
1384 5711 1542 5796 principia
1557 5716 1634 5772 sunt
1652 5725 1691 5770 cx
1707 5703 1824 5782 quinus
1838 5699 1922 5762 deter-

324 5801 427 5887 nique
449 5805 495 5888 ip.
511 5827 546 5875 re
580 5829 655 5880 unm
681 5815 721 5880 ad
739 5817 937 5894 iudiciorum
962 5825 1110 5890 ordine·
1167 5822 1283 5888 miliari
1305 5818 1406 5885 debet
1424 5829 1571 5899 quasnam
1595 5826 1698 5875 cause
1712 5804 1861 5874 adlorum
1880 5813 1921 5862 rc·

1470 5271 1585 5331 CAPUT
1604 5271 1648 5328 ΙΙΙ.

1256 5393 1295 5450 De
1307 5393 1419 5450 materie
1432 5400 1457 5447 et
1467 5391 1567 5463 ctjeete
1575 5389 1672 5460 judicii
1681 5384 1857 5442 ecclesiastici.
