4046 6460
106 387 147 464 air

106 515 227 580 rortu'ur's
243 515 291 594 (tu
319 509 473 590 Trident.)
499 497 727 590 ilo'peurrelio
742 515 828 581 tunt,
848 514 885 567 ul

107 634 203 678 onnes
237 631 348 676 canses
384 611 648 690 comprehendent
681 617 711 669 et
745 605 885 686 camplo-

105 721 236 776 utentur.

139 816 179 876 Er
196 813 411 876 declaratione
432 813 486 875 SS-
506 808 806 890 congregationum.
834 805 886 868 Sic

104 933 177 978 sarr.
205 912 440 977 Poenitentiarie
458 913 491 976 in
517 912 732 990 responsione
756 908 794 972 ad
813 907 883 985 cpi·

104 1031 226 1092 scopum
250 1014 484 1076 vivariensem.
514 1013 530 1074 1
559 1009 649 1074 lunii
682 1008 760 1072 ibib
787 1010 885 1070 deta:

103 1119 195 1180 Serra
217 1113 480 1189 Paenitentiore'e,
510 1113 677 1193 perpensis
705 1109 885 1190 ceperitis,

109 1215 276 1279 Venerabili
306 1217 341 1278 in
364 1215 490 1277 Cnriste
519 1214 613 1276 Petri
634 1213 780 1291 episcope
800 1210 889 1271 l'ioe-

104 1318 194 1379 riensi
229 1313 398 1396 respondet
425 1316 564 1395 primurn
601 1313 838 1375 matrimonium
869 1331 888 1370 a

107 1420 190 1480 Petro
214 1427 413 1479 eerarracrura
437 1417 471 1479 in
498 1418 600 1496 [orme
630 1414 780 1477 Ecclesia
814 1432 887 1474 ceu·

106 1527 207 1589 scaete,
230 1519 347 1596 absque
384 1514 604 1596 impedimento
634 1515 807 1586 canoniea,
834 1514 889 1575 sed

107 1627 219 1678 teutrun
256 1636 331 1690 curu,
365 1614 585 1695 impedimento
623 1616 712 1678 ciuili
749 1613 888 1676 antidana
920 1649 925 1664 ·

106 1735 170 1778 asse.
190 1717 241 1778 Ita
259 1717 341 1778 enias
358 1733 399 1777 ee·
415 1715 659 1776 instructivum
675 1731 822 1792 sreprerne
833 1712 888 1773 ln-

106 1818 270 1898 quisitione
283 1833 343 1896 per
358 1835 440 1877 secr.
460 1832 569 1894 conpr.
585 1814 705 1876 Concil.
724 1831 885 1894 erponem,

104 1918 140 1980 ad
154 1919 333 1998 episcopum
348 1919 613 1978 Breeinoneusem
627 1931 679 1978 en.
696 1913 772 1978 tuot
784 1923 887 1976 trans·

104 2021 190 2082 ruisse
204 2039 215 2080 .·
231 2019 476 2082 ‹Matrimoniis
490 2016 628 2097 fidelium
640 2015 753 2095 quibus
765 2013 891 2075 nullum

105 2124 197 2183 obstet
213 2123 401 2183 canonicum
415 2117 670 2199 impedimentum
684 2133 773 2178 suoru
786 2113 890 2195 quood

104 2224 273 2285 rrraritalem
288 2241 406 2284 nexum
424 2223 525 2284 inesse
542 2220 602 2282 eim
625 2227 653 2280 et
670 2219 817 2292 calore-ru,
840 2235 896 2277 eo-⁴

103 2341 221 2402 rumque
238 2323 399 2385 vinculum
413 2319 634 2384 indissolubile
651 2335 788 2390 manere,
806 2337 887 2398 que·

105 2425 263 2503 liecunpue
291 2421 414 2483 tandem
427 2422 548 2501 suerint
567 2419 787 2499 impedimento
800 2437 820 2479 e
835 2435 890 2479 sre-

104 2522 198 2584 rulari
216 2532 389 2604 potestate,
416 2520 559 2586 Ecclesia
580 2539 644 2582 non
662 2519 889 2594 concellanea

103 2623 256 2705 probante,
283 2641 449 2705 perperene
463 2641 498 2686 ec
513 2622 645 2686 nulliter
671 2625 855 2686 constituta.
874 2645 888 2679 e

104 2725 164 2801 ero
180 2727 286 2804 posita
313 2727 397 2788 olere
421 2735 508 2804 petet
535 2723 707 2786 secundum
725 2726 888 2786 matrinea-

104 2827 182 2886 nium
199 2844 218 2885 a
238 2826 338 2888 Petro
357 2835 546 2888 attentatum
564 2824 688 2888 nullutn
707 2835 735 2886 et
760 2826 890 2887 irritum

102 2929 174 3006 sore,
192 2946 227 2989 ec
249 2937 425 3008 propterea
446 2925 534 2989 nullo
564 2925 655 2988 ruodo
675 2943 769 3007 posse
793 2943 891 3008 paro·

104 3027 184 3090 aium
202 3026 301 3091 eidem
324 3027 570 3090 benedictionem
586 3027 737 3093 tribuere.

140 3129 171 3192 ld
198 3129 409 3208 probatores
433 3129 592 3192 constanti
609 3127 762 3193 Ecclesiae
780 3132 887 3210 praxi;

106 3245 141 3290 ex
163 3228 353 3292 auctoritate
379 3227 563 3290 scholarum
581 3234 612 3292 et
628 3227 887 3304 universitatum,

105 3337 132 3388 et
143 3327 286 3391 unanimi
302 3327 441 3390 sanioris
454 3326 607 3392 doctrines
619 3328 844 3408 theologorum
857 3336 890 3391 ct

106 3428 340 3490 canonistarum
356 3441 531 3489 consensu.

106 3535 173 3610 ill.
186 3569 220 3582 —
232 3537 275 3596 ue
296 3537 499 3614 impediarcntis
515 3537 692 3594 oratrimonie
708 3539 744 3595 ab
764 3539 889 3596 Ecclesia

200 3610 334 3676 induciis,
348 3617 378 3666 et
393 3608 553 3666 eorumdem
569 3609 788 3682 dispensatione.

143 3721 210 3784 lide
224 3722 284 3785 lib.
301 3722 519 3800 ttt,cap.xitt
532 3731 579 3796 3et
593 3721 887 3801 tiu.vt,aep.xtt1‚

106 3839 206 3898 srrpna,
222 3831 245 3887 t.
266 3825 293 3885 Ι.

24 3935 25 3938 ’
121 3933 184 4006 Π.
203 3967 240 3978 -
263 3936 303 3991 Dc
326 3935 465 3991 societatis
481 3933 632 4008 conjugalis
644 3933 869 4007 proprietatibus.

141 4043 164 4102 l.
186 4041 330 4103 Societas
366 4039 545 4122 conjugalis
583 4050 631 4104 est
666 4042 819 4118 horresta,
849 4041 889 4108 de

104 4138 171 4200 noe.
186 4140 268 4201 Gerr.
287 4139 364 4213 nus
384 4161 391 4200 :
418 4139 648 4219 Benedioritpue
672 4138 739 4203 illis
763 4141 845 4204 Daue
860 4153 890 4204 et

104 4241 167 4302 ait:
187 4240 327 4304 Crescite
348 4249 377 4301 et
391 4231 685 4320 nrultiplicurnini...
703 4255 734 4303 ct
750 4243 891 4321 Aposto-

106 4347 151 4402 tas
164 4343 177 4404 l
192 4345 230 4405 ad
243 4343 330 4404 Tim.
346 4359 391 4416 rr,
412 4343 552 4420 praedicit
567 4343 694 4405 loturos
710 4361 720 4402 s
738 4342 889 4406 lancois·

104 4461 176 4504 sarno
204 4453 360 4524 tempere,
387 4441 582 4505 attendentes
605 4441 760 4506 doctrinis
782 4443 890 4506 doma

104 4549 233 4623 niormn,
251 4548 452 4628 prohibentes
463 4547 588 4610 nubere.

138 4649 240 4711 Sacris
270 4650 470 4724 canonibus,
500 4649 575 4712 dist.
605 4650 666 4723 30,
700 4667 726 4712 c.
753 4649 789 4713 Si
818 4648 887 4730 puis

102 4761 232 4830 prepter
245 4749 344 4811 muns
357 4750 574 4829 supinitatem
588 4749 750 4828 professus
766 4751 801 4812 in
816 4769 889 4812 con·

99 4850 185 4931 inpio
199 4853 325 4932 positos
339 4867 398 4932 per
418 4851 635 4928 acropautianv
646 4849 887 4929 vituperaverit,

106 4953 270 5016 anatliema
289 4951 344 5014 sit.
361 4985 398 4996 -
414 4952 493 5013 ltcm
513 4967 540 5014 c.
566 4949 603 5012 Si
626 4951 696 5031 quis
710 4952 841 5031 nuptias
856 4951 891 5012 in

106 5053 334 5116 accusationem
350 5051 532 5115 duxerin...
557 5061 704 5132 tunquam
718 5067 783 5112 non
796 5069 889 5130 paese
905 5035 908 5044 Α

106 5152 288 5233 conjupetes
324 5151 360 5214 in
388 5169 521 5230 repnum
548 5151 606 5212 liei
636 5149 779 5228 inpredi,
810 5171 891 5216 ano-

105 5252 257 5316 lismoaii

143 5353 180 5417 ll.
205 5355 314 5417 Status
338 5361 443 5417 temen
469 5350 665 5431 virginitatis
686 5356 741 5415 aul
765 5353 891 5418 caeliba-

106 5459 154 5513 tus
176 5451 422 5532 anteponendus
448 5458 496 5512 est
515 5449 612 5512 statui
641 5448 827 5530 conjugalia
848 5449 888 5512 de

105 5553 175 5628 sede,
203 5569 341 5616 esnone.
360 5551 506 5614 Trident.
519 5565 601 5612 sess.
619 5549 670 5625 bb,
685 5566 754 5613 can.
773 5553 835 5613 to:
855 5549 890 5612 Si

105 5655 171 5733 quis
195 5653 317 5719 tteeru
337 5663 456 5715 etatum
475 5650 671 5732 conjupolem
693 5659 888 5733 anteponen-

106 5751 175 5813 dum
194 5771 259 5814 esse
272 5749 591 5828 statuioirpinitetis,
608 5749 657 5812 vel
675 5749 847 5824 actitatae,
860 5757 889 5812 ct

108 5871 165 5915 nan
181 5871 243 5915 ease
257 5851 366 5914 melius
384 5868 420 5911 ee
435 5849 554 5912 beotius
569 5869 693 5914 mernere
707 5852 740 5915 in
752 5851 887 5932 cirpini-

245 5961 299 6022 los
320 5973 517 6021 canonican.
537 5958 578 6022 ll.

397 394 494 457 PARS
511 391 570 453 111.
591 389 638 452 DE
660 385 859 450 musonis.
878 411 913 422 -
933 387 1004 448 ilii.
1030 387 1082 449 1x.
1107 389 1156 450 uti
1179 387 1315 464 Laicts,
1342 391 1421 450 E‘lC.

1677 389 1730 453 tm

943 515 1086 570 lateant
1114 507 1258 571 retinens
1284 527 1376 590 quem
1396 508 1493 590 irrupi
1518 512 1729 585 matrimonia,

942 610 1105 670 anotlurne
1122 611 1174 672 sit.

986 710 1041 771 ill.
1064 711 1154 773 Unde
1185 713 1336 794 sequitur
1360 719 1395 776 ut
1424 713 1515 776 nullo
1541 725 1735 794 argumente

943 808 1060 872 cffirraai
1095 811 1223 876 ostendi
1264 815 1367 890 possit
1394 815 1636 882 matrimonium
1675 819 1735 881 aii-

943 911 1073 990 quando
1095 911 1198 974 inisse
1220 918 1434 977 oonamnniter
1456 922 1524 978 turn
1540 915 1615 996 inre
1641 927 1734 982 natu·

943 1009 1014 1084 reli,
1031 1019 1097 1072 turn
1107 1011 1180 1092 iure
1196 1013 1308 1074 divino
1324 1023 1537 1096 precaeptum
1554 1018 1609 1085 sod
1627 1034 1735 1084 econ-

944 1123 989 1174 tra
1017 1111 1055 1174 rlc
1080 1112 1141 1176 licie
1170 1115 1328 1194 estquod
1355 1116 1416 1177 sub
1448 1116 1519 1196 lege
1549 1119 1734 1200 evangelica

943 1212 1183 1276 matrimonium
1202 1231 1263 1278 non
1281 1215 1320 1277 sit
1338 1225 1551 1297 praeceptam,
1568 1228 1599 1282 et
1614 1237 1732 1288 conse·

944 1321 1083 1394 necuter
1097 1314 1234 1378 societas
1250 1315 1431 1396 conjugalis
1448 1327 1495 1380 est
1513 1318 1624 1382 libers.

983 1415 1037 1480 lll.
1054 1415 1194 1480 societas
1209 1415 1400 1496 eonjrrgalis,
1418 1435 1475 1482 seu
1492 1423 1732 1488 matrimonium

944 1515 1093 1595 primitus
1108 1515 1292 1580 institutum
1307 1525 1354 1580 est
1370 1535 1388 1580 a
1406 1520 1472 1580 beo
1489 1538 1590 1584 unum
1606 1523 1732 1590 unitate

944 1612 1153 1686 sinuationem
1177 1632 1237 1678 scu
1258 1613 1438 1694 polygamie
1456 1617 1651 1686 simultanco
1667 1624 1736 1701 pris

944 1731 1054 1778 manum
1091 1715 1292 1778 institutioni
1332 1717 1529 1784 rnatrimonil
1561 1734 1731 1804 repugnet.

945 1817 1091 1882 Christos
1116 1818 1352 1882 matrimonium
1368 1821 1405 1882 ad
1425 1823 1606 1900 primevam
1624 1827 1733 1890 unita·

945 1922 1007 1980 tem
1025 1933 1042 1978 e
1058 1932 1133 1998 qves,
1156 1917 1222 1980 Deo
1240 1917 1459 1995 perurittente,
1483 1920 1659 2001 aliquunde
1674 1925 1732 1990 de-

943 2013 1088 2088 flexerat,
1109 2016 1280 2089 revocavit,
1303 2017 1448 2097 adeoque
1471 2019 1533 2082 sula
1548 2023 1618 2104 lege
1633 2039 1733 2087 evan·

944 2115 1068 2194 gallea,
1096 2114 1206 2177 saltem
1239 2132 1296 2196 pro
1323 2115 1515 2182 Christianis
1549 2123 1734 2204 polygamie

945 2216 1137 2280 simultanoa
1158 2226 1205 2280 cst
1231 2226 1261 2280 et
1286 2217 1400 2281 illicita
1428 2228 1459 2282 ct
1477 2219 1632 2288 invalide.
1656 2225 1732 2304 Cap.

945 2314 1133 2387 Gendemus,
1148 2317 1191 2378 Dc
1203 2317 1362 2388 divorsus.
1380 2327 1410 2380 el
1427 2320 1570 2386 Trident.
1587 2339 1668 2388 sess.
1681 2325 1732 2400 bb,
1756 2338 1758 2344 ’

945 2417 1178 2496 cerv.2:.5ipuis
1195 2417 1614 2486 diocritliccrerristieuie
1623 2423 1734 2504 plures

944 2517 1038 2580 simul
1063 2517 1329 2594 interscalares,
1353 2528 1383 2581 et
1409 2523 1466 2585 nae
1481 2524 1572 2586 nullo
1596 2525 1660 2606 lopo
1685 2525 1735 2592 di·

945 2621 1018 2680 cine
1036 2638 1099 2682 esse
1114 2621 1321 2700 prohibitum,
1336 2625 1500 2689 anatliema
1517 2625 1571 2687 sit.

984 2721 1023 2782 V.
1056 2721 1238 2802 Polypemia
1269 2723 1438 2786 succesira
1474 2743 1640 2806 nunquam
1672 2728 1735 2792 luit

948 2821 1120 2900 prohibita,
1145 2824 1205 2886 cisi
1232 2823 1266 2886 in
1298 2822 1439 2888 Ecclesia
1470 2826 1578 2888 minus
1597 2828 1639 2889 sit
1662 2846 1736 2906 pro-

947 2920 1027 2983 bata.
1048 2922 1082 2984 C.
1097 2923 1201 3002 Super
1222 2921 1291 2996 illa,
1314 2923 1358 2984 De
1377 2923 1523 2986 rectrudis
1546 2928 1687 3007 eripuis:
1703 2939 1735 2993 el

944 3023 1061 3086 curacii.
1086 3022 1227 3086 Floreat.
1249 3025 1377 3087 decreto
1397 3024 1434 3086 an
1462 3027 1636 3101 Armenes,
1660 3028 1733 3090 ibi:

946 3124 1146 3185 nectareum
1169 3141 1233 3184 nou
1263 3123 1364 3185 salum
1387 3124 1553 3203 recrrndus,
1574 3126 1628 3189 sed
1641 3131 1735 3192 etiarn

946 3223 1056 3286 tertiae
1073 3232 1101 3284 et
1116 3234 1258 3302 quartae,
1273 3233 1365 3304 etque
1379 3225 1548 3288 ulteriores
1567 3226 1733 3312 (nuptiae),

945 3325 974 3386 ei
1008 3323 1139 3403 aliquod
1172 3326 1357 3387 canonicum
1388 3326 1642 3406 uespertinum-um
1670 3347 1736 3399 non

946 3426 1049 3487 obstet
1065 3425 1150 3488 licite
1166 3426 1427 3505 contrabi-posse.

986 3526 1039 3586 Vi.
1062 3524 1202 3588 Societas
1216 3523 1395 3604 conjungatis
1416 3524 1567 3604 primitus
1584 3528 1733 3594 institute

945 3622 1736 3698 taitspumantemamnemcnrtsrasmatriua-

948 3723 1736 3811 etiamadprimitivamindissolnlrilitatcmaqua,

946 3827 1014 3888 uae
1028 3824 1243 3904 permittente,
1258 3823 1435 3906 aliquando
1447 3827 1736 3906 ctencxarupero-

946 3925 1048 4002 cesit3
1074 3925 1222 4006 adeoque
1255 3925 1493 3994 matrimonium
1526 3945 1735 3996 consumme·

947 4034 1026 4100 tum,
1038 4026 1148 4090 saltem
1162 4043 1217 4104 pro
1230 4026 1419 4091 Christianis
1431 4037 1478 4090 est
1492 4028 1733 4096 indissolubile.

946 4129 993 4209 (C.
1010 4123 1132 4198 Omnes,
1152 4143 1238 4190 caus.
1255 4127 1305 4202 bb,
1327 4136 1442 4208 quest.
1463 4131 1528 4192 'let
1541 4146 1598 4208 per
1611 4132 1737 4214 totam.)

985 4230 1019 4290 ln
1051 4229 1163 4308 specie
1183 4236 1313 4307 prepter
1335 4228 1543 4304 adulterium,
1572 4229 1734 4306 heresim,

947 4333 1114 4396 molestam
1150 4330 1439 4404 eolrabitationom,
1472 4337 1527 4393 eut
1557 4329 1735 4396 aneensem

945 4433 1124 4498 absentiam
1157 4449 1176 4496 a
1204 4432 1340 4512 conjoge
1370 4430 1505 4495 dissolvi
1537 4449 1603 4496 non
1630 4439 1738 4513 potest

947 4531 1142 4596 matrimonii
1175 4529 1387 4593 consummati
1415 4527 1592 4592 vinculum.
1618 4529 1733 4593 Proxi-

947 4653 1033 4699 mum
1052 4633 1125 4698 iidci
1140 4633 1185 4711 {ds
1203 4629 1375 4705 adulterio,
1395 4629 1589 4709 simpliciter
1609 4629 1650 4693 de
1672 4632 1734 4696 lide

946 4737 1123 4799 «incaeteris
1149 4747 1188 4794 ex
1208 4727 1352 4796 Trident.
1378 4745 1460 4794 sess.
1473 4727 1647 4802 bunum?
1668 4747 1676 4792 ε
1697 4731 1735 4794 se·

945 4838 1015 4919 quis
1031 4834 1155 4898 eliserit
1178 4831 1338 4894 eeclesiam
1355 4847 1463 4892 errare
1489 4847 1559 4892 esen
1575 4829 1687 4899 (lenit
1704 4841 1735 4894 et

946 4937 1036 5003 dacer
1044 4939 1144 5018 jueta
1162 4933 1368 5014 eearipellcern
1397 4943 1435 4992 er
1447 4931 1663 5009 emelianus*
1677 4931 1742 4995 de·¹

945 5029 1557 5116 errtnenpropterectattertunaueseee
1565 5031 1735 5112 mnium

945 5134 1140 5198 ruetrimonii
1161 5132 1323 5198 necatam
1338 5147 1404 5190 nen
1424 5145 1516 5207 posse
1531 5125 1679 5196 dimini.
1704 5134 1734 5191 ei

944 5246 1122 5316 utrumqne,
1141 5232 1190 5295 oel
1205 5232 1300 5292 etiarn
1318 5232 1512 5292 innectentem
1536 5227 1734 5309 autemeam

945 5335 1101 5400 adulterio
1114 5347 1181 5398 non
1193 5331 1290 5401 dedit.
1306 5347 1372 5392 non
1385 5347 1477 5408 poree
1489 5327 1589 5390 altero
1602 5327 1733 5408 eonium

945 5443 1077 5513 uiuente,
1091 5434 1183 5499 ebed
1198 5432 1434 5494 matrimonium
1446 5428 1640 5501 contrahere,
1657 5437 1743 5489 nem

946 5543 1093 5620 eborique
1107 5555 1177 5598 eune
1189 5533 1243 5615 qui
1258 5531 1387 5595 diruisse
1401 5528 1547 5592 adultera
1558 5525 1655 5590 oliam
1671 5525 1731 5594 du·
1746 5601 1748 5610 ,

945 5644 1042 5715 serit,
1064 5649 1092 5703 et
1108 5651 1175 5701 eone
1195 5651 1261 5718 que
1275 5633 1404 5698 dimisse
1420 5631 1565 5693 adultero
1577 5627 1636 5690 elii
1649 5644 1734 5708 unp·

945 5743 1034 5816 eeril,
1051 5739 1215 5802 unornane
1228 5735 1281 5800 tit.
1301 5729 1435 5794 seinte.
1460 5745 1532 5792 cen.
1551 5729 1571 5789 b
1587 5747 1595 5789 a
1610 5725 1645 5790 Si
1663 5727 1733 5806 quie

945 5843 1065 5910 diecrit
1078 5846 1212 5922 propter
1232 5833 1382 5912 barmim,
1398 5839 1453 5895 out
1467 5825 1625 5892 moleelnrn
1640 5825 1734 5890 cola·

1550 5935 1588 5994 12
