4044 6458
86 415 137 480 tit
324 415 420 479 PARS
435 417 469 478 V.
492 415 541 475 titt
561 409 740 476 tituletis,
763 433 798 446 ·-
812 407 885 469 Lib:
908 407 993 472 ttttt.
1014 411 1063 474 titi
1083 415 1270 478 seclusis
1290 418 1515 484 borsetum.
1657 418 1710 484 878

81 536 278 598 examinare.
297 533 420 598 Dicitur
451 535 546 598 etiam
567 547 736 613 processus
766 528 864 593 intor-
923 531 1141 597 exsecutiouis
1173 534 1308 599 fideliter
1344 536 1486 600 actuario
1516 541 1643 610 testeam
1677 538 1711 614 is¹

82 632 237 707 metitus,
254 637 285 697 et
310 632 478 696 instructio
496 632 727 712 praeparatoria.
922 627 1004 691 lianc
1030 633 1265 696 eltestationem
1292 634 1485 698 sibilantem
1509 637 1587 698 actis
1614 635 1704 700 inse·

120 735 248 813 Duplex
265 741 311 797 est
328 736 501 798 summaria
524 735 723 798 informatio:
742 732 866 795 aliaest
921 743 1002 790 rere.
1022 727 1034 806 l
1045 729 1146 810 Super
1167 731 1285 811 quibus
1309 732 1383 796 vide
1396 733 1596 796 Monaesum.
1626 735 1707 796 For·

79 849 151 914 qum
186 835 220 896 iit
250 835 286 896 ad
308 835 562 914 dignoscendum
597 842 705 896 utrum
744 837 867 895 constet
921 825 1052 902 mulcro,
1095 827 1142 889 vel
1165 829 1202 891 l).
1232 829 1581 912 Bonrx.lie1'ndict'it,
1612 839 1633 894 t.
1668 832 1711 907 ll,

79 936 215 999 deleme
237 937 383 1016 publice;
400 945 430 1000 et
453 937 513 1000 alit
539 937 577 1000 ad
604 936 865 1014 dignoscendum
923 929 982 992 abi
1011 929 1123 992 retulit
1150 932 1338 995 llontcstcr
1383 931 1549 1008 formulis,
1579 933 1653 1016 otc.)
1672 964 1710 982 -

80 1052 118 1096 au
145 1037 279 1098 exsistat
310 1044 526 1099 coutrareum
550 1035 659 1098 saltem
689 1033 868 1113 semiplena
922 1032 1028 1093 Potest
1076 1031 1210 1094 vicarius
1242 1033 1398 1112 generalis
1434 1035 1616 1096 citationem
1653 1051 1711 1113 per

79 1133 236 1212 probatio.
258 1135 345 1198 Unde
369 1135 486 1198 dicitur
510 1133 696 1197 informatio
712 1133 751 1196 de
772 1133 866 1210 ieme,
923 1132 1021 1194 curias
1036 1149 1102 1194 suae
1130 1149 1291 1195 cursorem
1319 1135 1466 1197 intimare
1496 1133 1584 1209 testi,
1612 1133 1706 1196 oliam

80 1233 774 1315 etiniormatiodesemipleueprobatione.
867 1267 869 1276 ‚
922 1233 955 1294 iu
990 1233 1094 1296 alicua
1137 1233 1265 1296 dioecesi
1305 1233 1485 1296 exsistenti.
1516 1233 1709 1312 Plerumque

116 1335 142 1398 1.
172 1317 522 1414 Quando‘proceditur
564 1351 619 1410 per
655 1333 868 1395 accusationis
931 1340 1035 1396 tamen
1066 1334 1098 1394 iu
1129 1333 1183 1395 tali
1214 1350 1290 1395 casu
1314 1333 1489 1396 recurritur
1520 1333 1559 1396 ad
1588 1333 1709 1396 curiam

81 1430 186 1504 tiam,
198 1431 298 1508 judex
330 1447 393 1494 nou
415 1437 542 1493 leuetur
565 1446 624 1492 neo
643 1431 737 1492 etiam
766 1436 868 1508 potest
929 1434 1143 1513 episcopalem
1158 1433 1306 1496 territorii
1320 1433 1709 1513 inquoreperiturtestis,

80 1532 202 1608 absque
222 1531 417 1594 accusatoris
451 1547 613 1593 consensu
641 1529 751 1620 ullam·
768 1529 868 1593 tutor·
923 1549 978 1612 per
993 1531 1115 1596 litteras
1133 1533 1376 1609 remissoriales,
1404 1536 1434 1595 et
1447 1533 1545 1611 judex
1561 1533 1599 1594 ad
1614 1550 1709 1612 quem

79 1628 252 1690 mationem
296 1628 505 1707 praemittere,
539 1627 790 1709 quiaomniain
833 1649 868 1694 se
923 1633 1028 1696 missas
1068 1639 1141 1694 sunt
1179 1633 1292 1695 litterae
1326 1633 1558 1698 remissoriales
1597 1639 1709 1695 testem

79 1728 215 1790 assumit
228 1736 404 1791 accusator.
924 1734 1095 1797 examinat.
1113 1736 1255 1798 Examen
1282 1740 1389 1797 eutem
1406 1733 1581 1812 sigillatum
1611 1741 1711 1796 trans·

117 1829 159 1890 ll.
189 1829 324 1902 Quarrdo
352 1831 535 1909 proceditur
562 1848 601 1895 ex
634 1848 724 1896 mero
762 1829 867 1894 cilicio
922 1833 1708 1914 mittaturedjudiremquiremissorialesdedit.

77 1945 134 2008 per
157 1929 380 2011 inquisitionis
410 1931 503 2007 riam,
530 1950 595 1998 uon
627 1941 753 1998 tonatur
768 1933 868 2014 judex
962 1933 994 1996 Si
1011 1933 1104 1996 testis
1123 1933 1220 1997 inerit
1265 1939 1437 1996 contumax
1466 1939 1497 1997 et
1526 1950 1711 2013 comparere

77 2029 338 2096 informationem
387 2033 556 2115 juridicam
605 2036 645 2099 de
676 2033 759 2097 tama
788 2051 868 2114 praa-
922 2035 1131 2110 recusaverit,
1169 2043 1244 2098 tunc
1279 2033 1379 2115 judex
1426 2036 1543 2114 poterit
1587 2035 1713 2102 citello·

78 2135 218 2198 mittere.
235 2135 271 2197 ln
300 2135 388 2215 praxi
436 2136 687 2215 tamenexpedit
719 2135 871 2216 praemitti·
922 2153 994 2198 nem
1044 2133 1293 2210 monitorialem,
1331 2134 1435 2198 tribus
1463 2133 1709 2213 mquiralsutem

78 2249 206 2310 semper
242 2234 357 2296 dictem
409 2236 449 2298 de
489 2235 570 2298 tama
606 2231 867 2296 internetionem
922 2238 953 2302 ei
992 2239 1153 2312 intimare,
1188 2237 1227 2302 ad
1271 2238 1421 2300 eiectum
1459 2234 1709 2315 procedendiin
1764 2303 1767 2308 ,

76 2329 259 2411 juridicam.
282 2332 360 2393 Nam
387 2350 461 2394 reus
479 2339 585 2412 potest
612 2329 650 2392 ad
666 2329 866 2408 superiorem
923 2351 995 2398 eum
1020 2342 1055 2396 nt
1083 2342 1316 2398 contumacem.
1339 2335 1371 2398 si
1397 2339 1503 2397 autem
1520 2333 1614 2396 testis
1643 2347 1710 2396 nott

77 2429 240 2508 appeltam
293 2448 332 2494 ex
387 2429 573 2511 hujusmodi
630 2426 867 2492 informationis
922 2435 1135 2514 comparuerit
1161 2437 1195 2498 in
1229 2441 1371 2514 tempore
1411 2432 1586 2510 assignato,
1632 2437 1709 2502 tuno

76 2531 269 2594 omissione.
891 2521 1137 2616 ¹jndoxpotest
1158 2545 1266 2602 contra
1300 2555 1374 2600 eum
1404 2535 1488 2598 serre
1516 2536 1711 2600 seutentiam

117 2632 654 2712 QuandojudexiniOtffliliOtteffi
695 2629 867 2709 juridicam
922 2638 1264 2700 excommunicationis
1305 2635 1448 2715 maioris,
1483 2635 1533 2698 rel
1576 2653 1712 2718 suspen-

78 2729 215 2809 sumpsit
233 2731 272 2794 de
289 2729 371 2793 laura
397 2731 534 2808 nubtica.
569 2746 633 2792 nou
657 2735 796 2803 leuetur,
811 2727 867 2788 sed
922 2734 1050 2798 sionisa
1064 2735 1231 2810 divinis,si
1248 2735 1289 2798 sit
1301 2737 1335 2797 itt
1351 2735 1498 2798 sacris.Si
1512 2752 1587 2798 tero
1599 2734 1713 2814 liujus·

76 2829 110 2891 iu
147 2831 236 2909 praxi
268 2833 396 2911 expedit
432 2834 561 2895 alteram
597 2832 637 2896 de
672 2827 868 2908 semiprobo·
922 2834 1009 2897 modi
1033 2836 1122 2898 testis
1152 2833 1420 2915 serpoeuitucrit
1434 2833 1476 2896 de
1509 2835 1711 2899 contumacia

79 2931 167 2994 tione
182 2929 363 2994 instituere.
922 2954 991 3013 sua,
1024 2937 1122 3018 judex
1156 2935 1306 3000 eumdem
1343 2935 1565 2999 absolverem
1593 2933 1713 2999 exemi·

116 3029 322 3103 lll.Quando
340 3029 869 3110 perviamdenuntiationisprooe·
922 3053 1000 3098 nare
1015 3036 1122 3100 debet.

78 3131 364 3207 diturteueturdc
377 3129 866 3209 jureuaturalietcanonicoju·
961 3136 993 3200 si
1022 3139 1112 3201 tastis
1146 3135 1244 3200 fuerit
1272 3136 1454 3198 irreverens
1486 3140 1517 3198 at
1544 3135 1709 3213 pertinax,

77 3231 139 3291 dex
154 3229 193 3292 ad
210 3229 467 3309 promittendam
485 3229 726 3293 informatiaum
743 3245 868 3308 proces·
921 3235 1335 3316 dumexamiuatur,puuiri
1350 3233 1532 3315 poteritper
1544 3251 1710 3298 censuros.

78 3347 165 3393 sum·
199 3394 204 3400 .
962 3341 1044 3402 Tum
1093 3337 1273 3411 citationes,
1312 3342 1379 3399 tum
1414 3336 1597 3411 monitoria,
1640 3342 1709 3400 tum

83 3451 98 3527 5
119 3452 165 3509 ll.
180 3483 218 3495 -
231 3452 270 3510 tie
294 3453 422 3509 citatione
445 3462 472 3509 et
489 3453 614 3509 examine
630 3452 739 3508 testium
756 3459 784 3507 et
798 3451 867 3508 scri·
922 3437 1091 3504 sententiae
1106 3443 1215 3500 contra
1229 3441 1435 3500 contumaces
1452 3444 1483 3498 et
1495 3435 1711 3500 irreverentes

395 3531 549 3594 ptararum.
922 3539 1103 3618 consignari
1126 3537 1244 3600 debent
1266 3537 1300 3599 in
1315 3537 1394 3600 eatis
1415 3551 1596 3614 processus.
1697 3555 1701 3566 ·

117 3633 245 3712 Duplex
273 3633 501 3712 distinguenda
529 3639 577 3695 est
595 3633 726 3696 testium
741 3631 866 3695 citatio:
922 3675 924 3681 ·
961 3639 1055 3702 Citati
1086 3643 1118 3701 et
1146 3644 1367 3716 comparentes
1396 3644 1494 3702 testes
1525 3639 1708 3718 separatim,

79 3735 108 3795 t.
150 3735 193 3795 En
221 3749 293 3812 qum
330 3733 518 3795 steti'solol
549 3749 607 3810 pto
640 3731 867 3794 informatione
923 3758 1007 3803 uuus
1045 3737 1253 3818 postellum,
1294 3738 1471 3801 examinari
1515 3738 1645 3803 debant.
1672 3741 1711 3803 Et

78 3833 189 3905 cutim,
233 3839 405 3913 finiendam
442 3833 557 3895 eilelut
586 3851 660 3896 teus
691 3841 722 3897 et
760 3832 799 3894 lis
827 3834 868 3894 sil
924 3837 1226 3920 primounicuiquo
1253 3836 1711 3917 deferendumestjursmeu-

78 3934 372 3998 contestata—2.
389 3934 555 4016 Aliaeque
586 3933 666 3996 iiunt
690 3933 867 4013 jamcitato
923 3944 990 4001 tum
1026 3937 1066 4002 de
1100 3936 1234 4000 dicenda
1259 3936 1402 3998 raritate.
1429 3937 1541 3999 Postea
1572 3938 1710 4002 interro·-

77 4033 697 4098 etoonstitutoreoettiteeoniestata.
788 4051 789 4056 ¹
922 4045 1014 4116 gatar
1052 4035 1091 4098 de
1128 4031 1272 4106 nomine,
1300 4039 1404 4108 aetate,
1444 4035 1641 4100 habitatione
1680 4041 1712 4100 et

116 4133 144 4196 l.
171 4136 267 4197 Porro
297 4137 331 4196 in
360 4134 458 4215 priori
484 4151 584 4208 casu,
618 4134 768 4210 testibus,
790 4133 867 4195 dum
923 4133 1106 4198 conditione
1121 4140 1152 4196 et
1166 4133 1206 4197 de
1221 4130 1304 4204 aliis,
1322 4138 1356 4193 ut
1371 4138 1473 4211 pateat
1488 4149 1528 4196 an
1544 4133 1640 4197 alicui
1658 4151 1712 4198 ex·

82 4233 236 4309 citantur,
265 4249 330 4296 non
371 4233 534 4296 diciturin
558 4251 621 4314 qua
648 4249 743 4296 cause
771 4234 868 4311 depo·
923 4233 1063 4314 ceptioui
1098 4233 1260 4296 obnoxius
1300 4235 1425 4306 sit,aut
1451 4231 1545 4295 otiam
1575 4235 1709 4298 omttiuo

76 4335 317 4408 neredebeant,
345 4335 418 4398 licet
442 4333 633 4414 plerumque
669 4351 709 4397 ex
731 4334 868 4397 circum·
923 4335 1011 4415 rejici
1029 4335 1154 4397 debeat.

76 4435 209 4498 stautiis
235 4435 588 4515 bocsuspicentur.ln
614 4435 782 4516 posteriori
812 4454 869 4498 au·
964 4435 1106 4497 Tandem
1163 4432 1381 4513 interrogetur
1433 4433 1472 4497 de
1517 4435 1710 4514 specialibus

90 4551 157 4610 ern,
182 4552 254 4598 oum
269 4535 333 4614 jam
351 4555 424 4600 reus
442 4537 482 4599 sit
509 4537 713 4613 constitutus,
735 4535 868 4615 exprimi
924 4552 1041 4600 causae:

76 4643 186 4714 potest
214 4653 270 4700 eos
303 4637 752 4719 vocariaddepouendumin
774 4655 868 4702 causa
963 4636 1071 4698 Finito
1112 4634 1269 4710 examine,
1292 4633 1388 4698 debet
1430 4634 1591 4700 actuarius
1634 4639 1709 4702 testi

77 4745 190 4800 contre
205 4739 243 4801 N.
262 4745 414 4802 vertente.
924 4735 1087 4816 perlegere
1116 4733 1227 4797 iactam
1262 4751 1353 4798 suern
1382 4734 1629 4813 depositionem,
1671 4735 1711 4800 ed

117 4837 369 4918 Quandojndex
378 4839 795 4923 praesumitztestemabsqua
810 4839 870 4903 dii·
925 4833 985 4899 boo
1008 4843 1044 4898 ut
1060 4834 1189 4907 addere,
1212 4835 1358 4899 minuere
1386 4836 1434 4897 rel
1458 4843 1581 4902 mutare
1597 4837 1709 4902 raieat.

75 4939 219 5003 ticultate
231 4941 350 5021 copiam
367 4942 417 5004 sul
432 4941 601 5014 iacturum,
617 4950 735 5024 potest,
750 4941 776 5004 si
794 4941 869 5004 relit
922 4937 961 4998 Et
976 4953 1049 4999 casu
1065 4951 1130 5014 qtro
1145 4933 1222 5015 quid
1239 4942 1391 5010 mutetur,
1407 4935 1439 4997 id
1471 4937 1585 5000 inserit
1603 4947 1711 5002 actua·

76 5041 652 5122 oumvocurepnrprivuaslitteras
815 5037 819 5046 '
925 5034 1142 5097 riusinactts.
1163 5034 1241 5095 lleiu
1274 5036 1443 5113 perlectam
1471 5037 1709 5113 depositionem

117 5142 870 5224 Sedoitatlojuridioaintimaridebetpernun·
920 5135 1053 5215 jubetur
1079 5133 1170 5196 testis
1211 5132 1424 5197 subscribere
1452 5135 1492 5197 Et
1521 5136 1549 5198 sl
1577 5153 1710 5201 examen
1805 5133 1808 5142 '

75 5242 160 5305 tium
188 5243 377 5322 publicum,
401 5248 433 5307 et
457 5250 504 5305 ter
529 5239 703 5304 intimando
732 5245 792 5311 est,
820 5255 870 5300 as·
926 5239 1015 5302 testis
1041 5238 1094 5302 ssat
1119 5243 1242 5302 tentum
1269 5255 1326 5319 pro
1354 5237 1710 5312 intermitteremus

74 5343 206 5420 signato
230 5343 421 5420 competenti
445 5342 561 5440 spatio,
586 5349 756 5419 antequem
778 5339 870 5402 testis
923 5338 1110 5402 sidemtesti
1125 5337 1711 5420 prmcipitursilentiutnoircadeposi-

75 5449 416 5520 tauquamoontumax
432 5458 538 5522 puniri
554 5441 672 5521 possit
684 5455 748 5502 nrst
766 5447 870 5502 tamen
928 5436 1048 5500 tionem
1073 5437 1164 5499 abeo
1190 5435 1353 5500 iaetamiu
1393 5439 1710 5522 examine.1lsqtto

73 5541 180 5620 judex
197 5561 350 5625 expresse
369 5546 489 5608 diceret
500 5561 535 5608 sa
551 5543 762 5606 intenderent
778 5542 871 5606 unica
927 5536 1075 5602 mentio
1067 5538 1168 5600 ruseri
1184 5537 1302 5600 debet
1292 5553 1326 5598 tu
1339 5537 1429 5600 actis.

77 5645 190 5707 citatio
207 5647 272 5707 tim
292 5646 426 5726 triplicis
444 5642 633 5709 monitionis
648 5642 773 5707 hebeat.
923 5641 1006 5707 ll.
1044 5641 1151 5705 Finito
1164 5642 1364 5721 singulorum
1393 5643 1524 5705 testium
1549 5645 1710 5720 examine,

117 5743 261 5807 Nuntius
295 5745 444 5826 publicus
469 5744 582 5809 sedulo
611 5743 745 5824 exsequi
777 5733 874 5806 debet
910 5739 1111 5824 ⁴proceditur
1134 5739 1174 5804 ad
1199 5743 1448 5823 recognitionem
1466 5743 1709 5824 scripturarum,

78 5843 268 5910 mandatum
286 5845 325 5910 de
343 5847 492 5913 citatione
508 5845 610 5922 tastis,
639 5851 669 5908 et
684 5843 871 5927 relationem
888 5843 962 5940 ’,ρὶ’
981 5859 1053 5939 qum
1083 5843 1198 5936 baberi
1219 5845 1394 5939 potuerint,
1421 5857 1493 5929 qus
1506 5845 1670 5930 ,dicantur
1690 5865 1709 5914 t
1799 5867 1805 5878 ·
