<?xml version="1.0" encoding="UTF-8"?>
<!DOCTYPE html PUBLIC "-//W3C//DTD XHTML 1.0 Transitional//EN"
    "http://www.w3.org/TR/xhtml1/DTD/xhtml1-transitional.dtd">
<html xmlns="http://www.w3.org/1999/xhtml" xml:lang="en" lang="en">
 <head>
  <title>
</title>
<meta http-equiv="Content-Type" content="text/html;charset=utf-8" />
  <meta name='ocr-system' content='tesseract 3.04.00' />
  <meta name='ocr-capabilities' content='ocr_page ocr_carea ocr_par ocr_line ocrx_word'/>
</head>
<body>
  <div class='ocr_page' id='page_1' title='image "./juriscanoniciun01maupgoog/juriscanoniciun01maupgoog_0506.png"; bbox 0 0 4098 6448; ppageno 0'>
   <div class='ocr_carea' id='block_1_1' title="bbox 122 345 1750 443">
    <p class='ocr_par' dir='ltr' id='par_1_1' title="bbox 122 345 1750 443">
     <span class='ocr_line' id='line_1_1' title="bbox 122 345 1750 443; baseline -0.007 0"><span class='ocrx_word' id='word_1_1' title='bbox 122 377 173 443; x_wconf 68' lang='grc'><strong>991</strong></span> <span class='ocrx_word' id='word_1_2' title='bbox 253 373 349 436; x_wconf 80' lang='lat' dir='ltr'><strong><em>otas</em></strong></span> <span class='ocrx_word' id='word_1_3' title='bbox 364 370 411 436; x_wconf 78' lang='lat' dir='ltr'><strong><em>tt.</em></strong></span> <span class='ocrx_word' id='word_1_4' title='bbox 433 369 481 434; x_wconf 85' lang='lat' dir='ltr'><strong><em>DE</em></strong></span> <span class='ocrx_word' id='word_1_5' title='bbox 500 367 685 443; x_wconf 76' lang='lat' dir='ltr'><strong><em>oattcats,</em></strong></span> <span class='ocrx_word' id='word_1_6' title='bbox 703 366 891 430; x_wconf 67' lang='lat' dir='ltr'><strong><em>CENSURiS</em></strong></span> <span class='ocrx_word' id='word_1_7' title='bbox 904 367 953 429; x_wconf 82' lang='lat' dir='ltr'><strong><em>Er</em></strong></span> <span class='ocrx_word' id='word_1_8' title='bbox 970 365 1104 428; x_wconf 72' lang='lat' dir='ltr'><strong><em>POEiilS.</em></strong></span> <span class='ocrx_word' id='word_1_9' title='bbox 1124 391 1155 402; x_wconf 67' lang='lat'><strong><em>·⁴</em></strong></span> <span class='ocrx_word' id='word_1_10' title='bbox 1175 367 1248 429; x_wconf 77' lang='lat' dir='ltr'><strong><em>uu.</em></strong></span> <span class='ocrx_word' id='word_1_11' title='bbox 1265 345 1348 430; x_wconf 43' lang='lat' dir='ltr'><strong><em>XIV}</em></strong></span> <span class='ocrx_word' id='word_1_12' title='bbox 1365 367 1414 430; x_wconf 85' lang='lat' dir='ltr'><strong><em>DE</em></strong></span> <span class='ocrx_word' id='word_1_13' title='bbox 1434 369 1616 434; x_wconf 82' lang='lat' dir='ltr'><strong>DELICTIS.</strong></span> <span class='ocrx_word' id='word_1_14' title='bbox 1697 367 1750 439; x_wconf 72' lang='grc'><strong><em>968</em></strong></span> 
     </span>
    </p>
   </div>
   <div class='ocr_carea' id='block_1_2' title="bbox 121 465 1824 2577">
    <p class='ocr_par' dir='ltr' id='par_1_2' title="bbox 121 465 1824 1770">
     <span class='ocr_line' id='line_1_2' title="bbox 121 465 1751 562; baseline -0.001 -12"><span class='ocrx_word' id='word_1_15' title='bbox 121 483 434 555; x_wconf 84' lang='lat' dir='ltr'><strong><em>currloederationem,</em></strong></span> <span class='ocrx_word' id='word_1_16' title='bbox 454 495 490 542; x_wconf 89' lang='lat' dir='ltr'><strong><em>ac</em></strong></span> <span class='ocrx_word' id='word_1_17' title='bbox 509 465 695 545; x_wconf 83' lang='lat' dir='ltr'><strong><em>societatem</em></strong></span> <span class='ocrx_word' id='word_1_18' title='bbox 727 491 798 540; x_wconf 88' lang='lat' dir='ltr'><strong><em>cum</em></strong></span> <span class='ocrx_word' id='word_1_19' title='bbox 821 475 901 556; x_wconf 86' lang='lat' dir='ltr'><strong><em>ipso.</em></strong></span> <span class='ocrx_word' id='word_1_20' title='bbox 957 491 1025 552; x_wconf 82' lang='lat' dir='ltr'><strong><em>pon</em></strong></span> <span class='ocrx_word' id='word_1_21' title='bbox 1055 477 1248 562; x_wconf 83' lang='lat' dir='ltr'><strong><em>condemnat</em></strong></span> <span class='ocrx_word' id='word_1_22' title='bbox 1281 479 1529 558; x_wconf 82' lang='lat' dir='ltr'><strong><em>magnetismum</em></strong></span> <span class='ocrx_word' id='word_1_23' title='bbox 1555 481 1598 558; x_wconf 88' lang='lat' dir='ltr'><strong><em>si,</em></strong></span> <span class='ocrx_word' id='word_1_24' title='bbox 1630 496 1751 550; x_wconf 87' lang='lat' dir='ltr'><strong><em>rernota</em></strong></span> 
     </span>
     <span class='ocr_line' id='line_1_3' title="bbox 122 575 1751 662; baseline -0.001 -13"><span class='ocrx_word' id='word_1_25' title='bbox 122 589 302 650; x_wconf 67' lang='lat' dir='ltr'><strong><em>testantem</em></strong></span> <span class='ocrx_word' id='word_1_26' title='bbox 327 585 395 646; x_wconf 86' lang='lat' dir='ltr'><strong><em>Deo</em></strong></span> <span class='ocrx_word' id='word_1_27' title='bbox 419 596 545 643; x_wconf 90' lang='lat' dir='ltr'><strong><em>summe</em></strong></span> <span class='ocrx_word' id='word_1_28' title='bbox 578 577 773 662; x_wconf 88' lang='lat' dir='ltr'><strong><em>injuriosum</em></strong></span> <span class='ocrx_word' id='word_1_29' title='bbox 805 575 905 658; x_wconf 85' lang='lat' dir='ltr'><strong><em>quod,</em></strong></span> <span class='ocrx_word' id='word_1_30' title='bbox 956 575 1047 654; x_wconf 84' lang='lat' dir='ltr'><strong><em>omni</em></strong></span> <span class='ocrx_word' id='word_1_31' title='bbox 1066 576 1223 641; x_wconf 80' lang='lat' dir='ltr'><strong><em>demonis</em></strong></span> <span class='ocrx_word' id='word_1_32' title='bbox 1240 579 1453 656; x_wconf 86' lang='lat' dir='ltr'><strong><em>invocatione,</em></strong></span> <span class='ocrx_word' id='word_1_33' title='bbox 1477 581 1689 648; x_wconf 84' lang='lat' dir='ltr'><strong><em>adhibeantur</em></strong></span> <span class='ocrx_word' id='word_1_34' title='bbox 1699 603 1751 648; x_wconf 87' lang='lat' dir='ltr'><strong><em>so·</em></strong></span> 
     </span>
     <span class='ocr_line' id='line_1_4' title="bbox 121 674 1749 766; baseline 0.001 -19"><span class='ocrx_word' id='word_1_35' title='bbox 121 687 192 766; x_wconf 83' lang='lat' dir='ltr'><strong><em>ipso</em></strong></span> <span class='ocrx_word' id='word_1_36' title='bbox 218 683 343 756; x_wconf 86' lang='lat' dir='ltr'><strong><em>relicto,</em></strong></span> <span class='ocrx_word' id='word_1_37' title='bbox 367 679 406 743; x_wconf 90' lang='lat' dir='ltr'><strong><em>ad</em></strong></span> <span class='ocrx_word' id='word_1_38' title='bbox 422 680 601 742; x_wconf 80' lang='lat' dir='ltr'><strong><em>demonem</em></strong></span> <span class='ocrx_word' id='word_1_39' title='bbox 627 683 818 758; x_wconf 84' lang='lat' dir='ltr'><strong><em>perpetuum</em></strong></span> <span class='ocrx_word' id='word_1_40' title='bbox 835 674 906 756; x_wconf 86' lang='lat' dir='ltr'><strong><em>ejus</em></strong></span> <span class='ocrx_word' id='word_1_41' title='bbox 956 675 1024 741; x_wconf 91' lang='lat' dir='ltr'><strong><em>lum</em></strong></span> <span class='ocrx_word' id='word_1_42' title='bbox 1037 677 1247 742; x_wconf 90' lang='lat' dir='ltr'><strong><em>modomedia</em></strong></span> <span class='ocrx_word' id='word_1_43' title='bbox 1258 679 1438 762; x_wconf 79' lang='lat' dir='ltr'><strong><em>physicaad</em></strong></span> <span class='ocrx_word' id='word_1_44' title='bbox 1455 683 1551 747; x_wconf 90' lang='lat' dir='ltr'><strong><em>linem</em></strong></span> <span class='ocrx_word' id='word_1_45' title='bbox 1564 683 1749 751; x_wconf 85' lang='lat' dir='ltr'><strong><em>burtestum:</em></strong></span> 
     </span>
     <span class='ocr_line' id='line_1_5' title="bbox 122 775 1752 862; baseline 0.001 -14"><span class='ocrx_word' id='word_1_46' title='bbox 122 786 246 848; x_wconf 80' lang='lat' dir='ltr'>hostem</span> <span class='ocrx_word' id='word_1_47' title='bbox 276 788 460 846; x_wconf 87' lang='lat' dir='ltr'><strong><em>recurratur</em></strong></span> <span class='ocrx_word' id='word_1_48' title='bbox 485 784 516 844; x_wconf 86' lang='lat' dir='ltr'><strong><em>ct</em></strong></span> <span class='ocrx_word' id='word_1_49' title='bbox 546 794 619 840; x_wconf 91' lang='lat' dir='ltr'><strong><em>cum</em></strong></span> <span class='ocrx_word' id='word_1_50' title='bbox 634 794 672 841; x_wconf 93' lang='lat' dir='ltr'><strong><em>eo</em></strong></span> <span class='ocrx_word' id='word_1_51' title='bbox 687 775 824 840; x_wconf 87' lang='lat' dir='ltr'><strong><em>societas</em></strong></span> <span class='ocrx_word' id='word_1_52' title='bbox 855 775 906 839; x_wconf 91' lang='lat' dir='ltr'><strong><em>in·</em></strong></span> <span class='ocrx_word' id='word_1_53' title='bbox 958 795 1070 842; x_wconf 89' lang='lat' dir='ltr'><strong><em>verum</em></strong></span> <span class='ocrx_word' id='word_1_54' title='bbox 1090 779 1336 844; x_wconf 88' lang='lat' dir='ltr'><strong><em>animadvertit:</em></strong></span> <span class='ocrx_word' id='word_1_55' title='bbox 1352 783 1752 862; x_wconf 85' lang='lat' dir='ltr'><strong><em>Compertamessenooum</em></strong></span> 
     </span>
     <span class='ocr_line' id='line_1_6' title="bbox 123 873 1753 968; baseline 0.002 -19"><span class='ocrx_word' id='word_1_56' title='bbox 123 895 244 949; x_wconf 77' lang='lat' dir='ltr'><strong><em>eatur.»</em></strong></span> <span class='ocrx_word' id='word_1_57' title='bbox 261 881 456 964; x_wconf 77' lang='lat' dir='ltr'><strong><em>HuJusmodi</em></strong></span> <span class='ocrx_word' id='word_1_58' title='bbox 476 878 579 959; x_wconf 87' lang='lat' dir='ltr'><strong><em>magia</em></strong></span> <span class='ocrx_word' id='word_1_59' title='bbox 611 876 751 959; x_wconf 86' lang='lat' dir='ltr'><strong><em>pessima</em></strong></span> <span class='ocrx_word' id='word_1_60' title='bbox 772 873 907 953; x_wconf 84' lang='lat' dir='ltr'><strong><em>reperiri</em></strong></span> <span class='ocrx_word' id='word_1_61' title='bbox 957 876 1111 956; x_wconf 77' lang='lat' dir='ltr'><strong><em>quoddam</em></strong></span> <span class='ocrx_word' id='word_1_62' title='bbox 1127 881 1364 962; x_wconf 86' lang='lat' dir='ltr'><strong><em>superstitionis</em></strong></span> <span class='ocrx_word' id='word_1_63' title='bbox 1382 901 1479 964; x_wconf 89' lang='lat' dir='ltr'><strong><em>qeaus</em></strong></span> <span class='ocrx_word' id='word_1_64' title='bbox 1496 885 1600 950; x_wconf 86' lang='lat' dir='ltr'><strong><em>inuehi</em></strong></span> <span class='ocrx_word' id='word_1_65' title='bbox 1615 907 1654 950; x_wconf 79' lang='lat' dir='ltr'><strong><em>ee</em></strong></span> <span class='ocrx_word' id='word_1_66' title='bbox 1664 890 1753 968; x_wconf 82' lang='lat' dir='ltr'><strong><em>pha·</em></strong></span> 
     </span>
     <span class='ocr_line' id='line_1_7' title="bbox 123 973 1752 1064; baseline 0.003 -15"><span class='ocrx_word' id='word_1_67' title='bbox 123 987 249 1049; x_wconf 89' lang='lat' dir='ltr'><strong><em>videtur</em></strong></span> <span class='ocrx_word' id='word_1_68' title='bbox 292 981 460 1060; x_wconf 71' lang='lat' dir='ltr'>practicam</span> <span class='ocrx_word' id='word_1_69' title='bbox 494 978 529 1042; x_wconf 92' lang='lat' dir='ltr'><strong><em>in</em></strong></span> <span class='ocrx_word' id='word_1_70' title='bbox 551 979 661 1042; x_wconf 86' lang='lat' dir='ltr'><strong><em>multis</em></strong></span> <span class='ocrx_word' id='word_1_71' title='bbox 697 973 907 1038; x_wconf 76' lang='lat' dir='ltr'><strong>societatibus</strong></span> <span class='ocrx_word' id='word_1_72' title='bbox 958 981 1098 1042; x_wconf 85' lang='lat' dir='ltr'><strong><em>nomenis</em></strong></span> <span class='ocrx_word' id='word_1_73' title='bbox 1130 983 1326 1062; x_wconf 87' lang='lat' dir='ltr'><strong><em>maqneticis,</em></strong></span> <span class='ocrx_word' id='word_1_74' title='bbox 1349 983 1461 1064; x_wconf 88' lang='lat' dir='ltr'><strong><em>quihus</em></strong></span> <span class='ocrx_word' id='word_1_75' title='bbox 1492 987 1577 1050; x_wconf 86' lang='lat' dir='ltr'><strong><em>haud</em></strong></span> <span class='ocrx_word' id='word_1_76' title='bbox 1609 991 1752 1052; x_wconf 74' lang='lat' dir='ltr'><strong><em>scientiis</em></strong></span> 
     </span>
     <span class='ocr_line' id='line_1_8' title="bbox 124 1073 1752 1167; baseline 0.004 -19"><span class='ocrx_word' id='word_1_77' title='bbox 124 1083 277 1148; x_wconf 87' lang='lat' dir='ltr'><strong><em>clanculis</em></strong></span> <span class='ocrx_word' id='word_1_78' title='bbox 288 1078 634 1152; x_wconf 86' lang='lat' dir='ltr'><strong><em>siveillumiuatorum,</em></strong></span> <span class='ocrx_word' id='word_1_79' title='bbox 646 1073 907 1140; x_wconf 84' lang='lat' dir='ltr'><strong><em>sivolranoorum</em></strong></span> <span class='ocrx_word' id='word_1_80' title='bbox 955 1076 1099 1156; x_wconf 73' lang='lat' dir='ltr'><strong><em>physicis</em></strong></span> <span class='ocrx_word' id='word_1_81' title='bbox 1127 1081 1336 1158; x_wconf 73' lang='lat' dir='ltr'><strong><em>enucleandis,</em></strong></span> <span class='ocrx_word' id='word_1_82' title='bbox 1352 1093 1386 1146; x_wconf 89' lang='lat' dir='ltr'><strong><em>at</em></strong></span> <span class='ocrx_word' id='word_1_83' title='bbox 1399 1103 1463 1167; x_wconf 88' lang='lat' dir='ltr'><strong><em>par</em></strong></span> <span class='ocrx_word' id='word_1_84' title='bbox 1478 1097 1567 1164; x_wconf 86' lang='lat' dir='ltr'><strong><em>esset,</em></strong></span> <span class='ocrx_word' id='word_1_85' title='bbox 1587 1089 1641 1152; x_wconf 86' lang='lat' dir='ltr'><strong><em>sed</em></strong></span> <span class='ocrx_word' id='word_1_86' title='bbox 1666 1091 1752 1154; x_wconf 86' lang='lat' dir='ltr'><strong><em>dcci·</em></strong></span> 
     </span>
     <span class='ocr_line' id='line_1_9' title="bbox 124 1175 1753 1259; baseline 0.004 -12"><span class='ocrx_word' id='word_1_87' title='bbox 124 1192 331 1258; x_wconf 91' lang='lat' dir='ltr'><strong><em>muratarum,</em></strong></span> <span class='ocrx_word' id='word_1_88' title='bbox 348 1181 417 1243; x_wconf 89' lang='lat' dir='ltr'><strong><em>sive</em></strong></span> <span class='ocrx_word' id='word_1_89' title='bbox 432 1177 726 1258; x_wconf 87' lang='lat' dir='ltr'><strong><em>magnetizatorum.</em></strong></span> <span class='ocrx_word' id='word_1_90' title='bbox 756 1177 766 1252; x_wconf 89' lang='grc'><strong>(</strong></span> <span class='ocrx_word' id='word_1_91' title='bbox 776 1175 845 1238; x_wconf 80' lang='lat' dir='ltr'><strong><em>atio</em></strong></span> <span class='ocrx_word' id='word_1_92' title='bbox 869 1175 909 1236; x_wconf 91' lang='lat' dir='ltr'><strong><em>dc</em></strong></span> <span class='ocrx_word' id='word_1_93' title='bbox 957 1180 1083 1259; x_wconf 86' lang='lat' dir='ltr'><strong><em>piendis</em></strong></span> <span class='ocrx_word' id='word_1_94' title='bbox 1095 1199 1131 1241; x_wconf 90' lang='lat' dir='ltr'><strong><em>ac</em></strong></span> <span class='ocrx_word' id='word_1_95' title='bbox 1145 1179 1326 1246; x_wconf 72' lang='lat' dir='ltr'><strong><em>seducendis</em></strong></span> <span class='ocrx_word' id='word_1_96' title='bbox 1343 1186 1520 1252; x_wconf 82' lang='lat' dir='ltr'><strong><em>hominihus</em></strong></span> <span class='ocrx_word' id='word_1_97' title='bbox 1534 1190 1661 1253; x_wconf 87' lang='lat' dir='ltr'><strong><em>student</em></strong></span> <span class='ocrx_word' id='word_1_98' title='bbox 1682 1210 1753 1254; x_wconf 88' lang='lat' dir='ltr'><strong><em>neo-</em></strong></span> 
     </span>
     <span class='ocr_line' id='line_1_10' title="bbox 124 1275 1753 1374; baseline 0.004 -27"><span class='ocrx_word' id='word_1_99' title='bbox 124 1281 312 1366; x_wconf 87' lang='lat' dir='ltr'><strong><em>hujusmodi</em></strong></span> <span class='ocrx_word' id='word_1_100' title='bbox 323 1277 609 1362; x_wconf 88' lang='lat' dir='ltr'><strong><em>superstitionibus</em></strong></span> <span class='ocrx_word' id='word_1_101' title='bbox 629 1276 702 1340; x_wconf 91' lang='lat' dir='ltr'><strong><em>vide</em></strong></span> <span class='ocrx_word' id='word_1_102' title='bbox 720 1276 803 1356; x_wconf 87' lang='lat' dir='ltr'><strong><em>apud</em></strong></span> <span class='ocrx_word' id='word_1_103' title='bbox 814 1275 908 1338; x_wconf 89' lang='lat' dir='ltr'><strong><em>theo·</em></strong></span> <span class='ocrx_word' id='word_1_104' title='bbox 963 1281 1056 1342; x_wconf 89' lang='lat' dir='ltr'><strong><em>terici</em></strong></span> <span class='ocrx_word' id='word_1_105' title='bbox 1085 1281 1205 1362; x_wconf 85' lang='lat' dir='ltr'><strong><em>plures,</em></strong></span> <span class='ocrx_word' id='word_1_106' title='bbox 1238 1284 1304 1346; x_wconf 88' lang='lat' dir='ltr'><strong><em>rati</em></strong></span> <span class='ocrx_word' id='word_1_107' title='bbox 1327 1303 1421 1364; x_wconf 85' lang='lat' dir='ltr'><strong><em>posse</em></strong></span> <span class='ocrx_word' id='word_1_108' title='bbox 1448 1291 1572 1354; x_wconf 86' lang='lat' dir='ltr'><strong><em>occulto</em></strong></span> <span class='ocrx_word' id='word_1_109' title='bbox 1592 1301 1621 1352; x_wconf 90' lang='lat' dir='ltr'><strong><em>et</em></strong></span> <span class='ocrx_word' id='word_1_110' title='bbox 1639 1294 1753 1374; x_wconf 70' lang='lat' dir='ltr'><strong><em>lutura</em></strong></span> 
     </span>
     <span class='ocr_line' id='line_1_11' title="bbox 126 1375 1752 1473; baseline 0.005 -26"><span class='ocrx_word' id='word_1_111' title='bbox 126 1385 217 1466; x_wconf 81' lang='lat' dir='ltr'><strong><em>logos</em></strong></span> <span class='ocrx_word' id='word_1_112' title='bbox 244 1381 424 1447; x_wconf 85' lang='lat' dir='ltr'><strong><em>moralistas</em></strong></span> <span class='ocrx_word' id='word_1_113' title='bbox 443 1401 452 1455; x_wconf 83' lang='lat'>3</span> <span class='ocrx_word' id='word_1_114' title='bbox 471 1385 502 1442; x_wconf 87' lang='lat' dir='ltr'><strong><em>et</em></strong></span> <span class='ocrx_word' id='word_1_115' title='bbox 530 1379 614 1458; x_wconf 89' lang='lat' dir='ltr'><strong><em>apud</em></strong></span> <span class='ocrx_word' id='word_1_116' title='bbox 637 1379 781 1440; x_wconf 79' lang='lat' dir='ltr'><strong><em>Fanum.</em></strong></span> <span class='ocrx_word' id='word_1_117' title='bbox 820 1375 908 1440; x_wconf 86' lang='lat' dir='ltr'><strong><em>verb.</em></strong></span> <span class='ocrx_word' id='word_1_118' title='bbox 960 1376 1065 1458; x_wconf 85' lang='lat' dir='ltr'><strong><em>deteqi</em></strong></span> <span class='ocrx_word' id='word_1_119' title='bbox 1090 1383 1285 1460; x_wconf 87' lang='lat' dir='ltr'><strong><em>maqnetismi</em></strong></span> <span class='ocrx_word' id='word_1_120' title='bbox 1316 1395 1401 1457; x_wconf 86' lang='lat' dir='ltr'><strong><em>arta,</em></strong></span> <span class='ocrx_word' id='word_1_121' title='bbox 1430 1388 1478 1450; x_wconf 88' lang='lat' dir='ltr'><strong><em>cel</em></strong></span> <span class='ocrx_word' id='word_1_122' title='bbox 1498 1393 1670 1470; x_wconf 87' lang='lat' dir='ltr'><strong><em>prastiqio,</em></strong></span> <span class='ocrx_word' id='word_1_123' title='bbox 1695 1411 1752 1473; x_wconf 89' lang='lat' dir='ltr'><strong><em>ope</em></strong></span> 
     </span>
     <span class='ocr_line' id='line_1_12' title="bbox 124 1477 1752 1570; baseline 0.002 -24"><span class='ocrx_word' id='word_1_124' title='bbox 124 1482 329 1570; x_wconf 78' lang='lat' dir='ltr'><strong><em>Superstitio,</em></strong></span> <span class='ocrx_word' id='word_1_125' title='bbox 350 1478 477 1546; x_wconf 89' lang='lat' dir='ltr'><strong><em>etalios</em></strong></span> <span class='ocrx_word' id='word_1_126' title='bbox 496 1477 705 1559; x_wconf 88' lang='lat' dir='ltr'><strong><em>canonistas.)</em></strong></span> <span class='ocrx_word' id='word_1_127' title='bbox 960 1477 1229 1557; x_wconf 76' lang='lat' dir='ltr'><strong><em>muliercularum,</em></strong></span> <span class='ocrx_word' id='word_1_128' title='bbox 1264 1499 1331 1562; x_wconf 89' lang='lat' dir='ltr'><strong><em>qua</em></strong></span> <span class='ocrx_word' id='word_1_129' title='bbox 1363 1486 1454 1548; x_wconf 86' lang='lat' dir='ltr'><strong><em>unice</em></strong></span> <span class='ocrx_word' id='word_1_130' title='bbox 1485 1506 1504 1550; x_wconf 91' lang='lat' dir='ltr'><strong><em>a</em></strong></span> <span class='ocrx_word' id='word_1_131' title='bbox 1530 1492 1752 1569; x_wconf 80' lang='lat' dir='ltr'><strong><em>moqncsitcrc&#39;c</em></strong></span> 
     </span>
     <span class='ocr_line' id='line_1_13' title="bbox 125 1581 1824 1686; baseline -0.003 -22"><span class='ocrx_word' id='word_1_132' title='bbox 125 1607 199 1680; x_wconf 68' lang='grc'><strong>511.</strong></span> <span class='ocrx_word' id='word_1_133' title='bbox 213 1636 248 1648; x_wconf 89' lang='grc'>-</span> <span class='ocrx_word' id='word_1_134' title='bbox 262 1603 367 1674; x_wconf 86' lang='lat' dir='ltr'><strong><em>Quibus</em></strong></span> <span class='ocrx_word' id='word_1_135' title='bbox 387 1605 477 1676; x_wconf 80' lang='lat' dir='ltr'><strong><em>prauis</em></strong></span> <span class='ocrx_word' id='word_1_136' title='bbox 488 1603 644 1686; x_wconf 69' lang='lat' dir='ltr'><strong><em>plectuntur</em></strong></span> <span class='ocrx_word' id='word_1_137' title='bbox 653 1600 787 1674; x_wconf 82' lang='lat' dir='ltr'><strong><em>sortilegi,</em></strong></span> <span class='ocrx_word' id='word_1_138' title='bbox 802 1599 911 1658; x_wconf 82' lang='grc'><strong>11111111-</strong></span> <span class='ocrx_word' id='word_1_139' title='bbox 959 1586 1041 1640; x_wconf 61' lang='lat' dir='ltr'><strong><em>”m</em></strong></span> <span class='ocrx_word' id='word_1_140' title='bbox 1053 1581 1199 1660; x_wconf 63' lang='lat' dir='ltr'><strong><em>Pffldffll·</em></strong></span> <span class='ocrx_word' id='word_1_141' title='bbox 1217 1615 1255 1626; x_wconf 85' lang='grc'><strong><em>“·</em></strong></span> <span class='ocrx_word' id='word_1_142' title='bbox 1273 1583 1407 1646; x_wconf 63' lang='lat' dir='ltr'><strong><em>Elflddll</em></strong></span> <span class='ocrx_word' id='word_1_143' title='bbox 1425 1606 1433 1648; x_wconf 67' lang='grc' dir='ltr'>ἓ</span> <span class='ocrx_word' id='word_1_144' title='bbox 1452 1585 1536 1647; x_wconf 62' lang='lat' dir='ltr'><strong><em>Adeo</em></strong></span> <span class='ocrx_word' id='word_1_145' title='bbox 1548 1590 1646 1651; x_wconf 66' lang='lat' dir='ltr'><strong><em>ortvt&#39;l</em></strong></span> <span class='ocrx_word' id='word_1_146' title='bbox 1659 1587 1752 1652; x_wconf 73' lang='lat' dir='ltr'><strong><em>moll·</em></strong></span> <span class='ocrx_word' id='word_1_147' title='bbox 1822 1588 1824 1592; x_wconf 65' lang='grc'><strong>’</strong></span> 
     </span>
     <span class='ocr_line' id='line_1_14' title="bbox 405 1678 1755 1770; baseline 0.002 -25"><span class='ocrx_word' id='word_1_148' title='bbox 405 1682 479 1770; x_wconf 62' lang='lat'>¹⁰¹0?</span> <span class='ocrx_word' id='word_1_149' title='bbox 494 1682 522 1730; x_wconf 73' lang='lat'><strong><em>⁰²</em></strong></span> <span class='ocrx_word' id='word_1_150' title='bbox 545 1687 626 1745; x_wconf 58' lang='lat'><strong><em>¹³²8*-</em></strong></span> <span class='ocrx_word' id='word_1_151' title='bbox 961 1678 1008 1741; x_wconf 89' lang='lat' dir='ltr'><strong><em>tia</em></strong></span> <span class='ocrx_word' id='word_1_152' title='bbox 1022 1678 1193 1755; x_wconf 90' lang='lat' dir='ltr'><strong><em>hominum,</em></strong></span> <span class='ocrx_word' id='word_1_153' title='bbox 1211 1687 1247 1743; x_wconf 90' lang='lat' dir='ltr'><strong><em>ut</em></strong></span> <span class='ocrx_word' id='word_1_154' title='bbox 1264 1682 1401 1762; x_wconf 87' lang='lat' dir='ltr'><strong><em>acqlecto</em></strong></span> <span class='ocrx_word' id='word_1_155' title='bbox 1420 1684 1507 1747; x_wconf 89' lang='lat' dir='ltr'><strong><em>licito</em></strong></span> <span class='ocrx_word' id='word_1_156' title='bbox 1520 1685 1627 1748; x_wconf 88' lang='lat' dir='ltr'><strong><em>studio</em></strong></span> <span class='ocrx_word' id='word_1_157' title='bbox 1652 1690 1755 1750; x_wconf 85' lang='lat' dir='ltr'><strong><em>scien·</em></strong></span> 
     </span>
    </p>

    <p class='ocr_par' dir='ltr' id='par_1_3' title="bbox 121 1779 1756 2577">
     <span class='ocr_line' id='line_1_15' title="bbox 164 1779 1753 1864; baseline 0.001 -14"><span class='ocrx_word' id='word_1_158' title='bbox 164 1785 189 1850; x_wconf 90' lang='grc'><strong><em>1.</em></strong></span> <span class='ocrx_word' id='word_1_159' title='bbox 214 1783 374 1864; x_wconf 82' lang='lat' dir='ltr'><strong><em>sortilegi,</em></strong></span> <span class='ocrx_word' id='word_1_160' title='bbox 400 1800 459 1846; x_wconf 91' lang='lat' dir='ltr'><strong><em>seu</em></strong></span> <span class='ocrx_word' id='word_1_161' title='bbox 479 1781 676 1846; x_wconf 78' lang='lat' dir='ltr'><strong><em>divinatores</em></strong></span> <span class='ocrx_word' id='word_1_162' title='bbox 702 1788 734 1844; x_wconf 92' lang='lat' dir='ltr'><strong><em>et</em></strong></span> <span class='ocrx_word' id='word_1_163' title='bbox 760 1779 842 1862; x_wconf 84' lang='lat' dir='ltr'><strong><em>mugi</em></strong></span> <span class='ocrx_word' id='word_1_164' title='bbox 870 1782 909 1844; x_wconf 89' lang='lat' dir='ltr'><strong><em>de</em></strong></span> <span class='ocrx_word' id='word_1_165' title='bbox 962 1779 1024 1854; x_wconf 80' lang='lat' dir='ltr'><strong><em>tia,</em></strong></span> <span class='ocrx_word' id='word_1_166' title='bbox 1035 1779 1145 1858; x_wconf 77' lang='lat' dir='ltr'><strong><em>potiens</em></strong></span> <span class='ocrx_word' id='word_1_167' title='bbox 1163 1781 1290 1844; x_wconf 88' lang='lat' dir='ltr'><strong><em>curiosa</em></strong></span> <span class='ocrx_word' id='word_1_168' title='bbox 1306 1793 1473 1861; x_wconf 88' lang='lat' dir='ltr'><strong><em>sectantes,</em></strong></span> <span class='ocrx_word' id='word_1_169' title='bbox 1488 1786 1658 1863; x_wconf 85' lang='lat' dir='ltr'><strong><em>ariolandi,</em></strong></span> <span class='ocrx_word' id='word_1_170' title='bbox 1671 1789 1753 1852; x_wconf 86' lang='lat' dir='ltr'><strong><em>dioi-</em></strong></span> 
     </span>
     <span class='ocr_line' id='line_1_16' title="bbox 121 1879 1753 1968; baseline -0.002 -19"><span class='ocrx_word' id='word_1_171' title='bbox 121 1885 194 1968; x_wconf 83' lang='lat' dir='ltr'><strong><em>J‘ure</em></strong></span> <span class='ocrx_word' id='word_1_172' title='bbox 222 1883 388 1960; x_wconf 82' lang='lat' dir='ltr'><strong><em>canonico,</em></strong></span> <span class='ocrx_word' id='word_1_173' title='bbox 405 1883 434 1946; x_wconf 92' lang='lat' dir='ltr'><strong><em>si</em></strong></span> <span class='ocrx_word' id='word_1_174' title='bbox 454 1881 563 1946; x_wconf 90' lang='lat' dir='ltr'><strong><em>clerici</em></strong></span> <span class='ocrx_word' id='word_1_175' title='bbox 583 1882 661 1958; x_wconf 88' lang='lat' dir='ltr'><strong><em>siut,</em></strong></span> <span class='ocrx_word' id='word_1_176' title='bbox 691 1881 730 1944; x_wconf 91' lang='lat' dir='ltr'><strong><em>ab</em></strong></span> <span class='ocrx_word' id='word_1_177' title='bbox 748 1879 852 1946; x_wconf 85' lang='lat' dir='ltr'><strong><em>officio</em></strong></span> <span class='ocrx_word' id='word_1_178' title='bbox 879 1890 912 1945; x_wconf 92' lang='lat' dir='ltr'><strong><em>et</em></strong></span> <span class='ocrx_word' id='word_1_179' title='bbox 960 1879 1095 1942; x_wconf 80' lang='lat' dir='ltr'><strong><em>aaudiat</em></strong></span> <span class='ocrx_word' id='word_1_180' title='bbox 1106 1881 1303 1962; x_wconf 84' lang='lat' dir='ltr'><strong><em>principium</em></strong></span> <span class='ocrx_word' id='word_1_181' title='bbox 1317 1881 1474 1964; x_wconf 81' lang='lat' dir='ltr'><strong><em>quoddam</em></strong></span> <span class='ocrx_word' id='word_1_182' title='bbox 1493 1904 1525 1946; x_wconf 89' lang='lat' dir='ltr'><strong><em>se</em></strong></span> <span class='ocrx_word' id='word_1_183' title='bbox 1553 1897 1662 1949; x_wconf 83' lang='lat' dir='ltr'><strong><em>nocam</em></strong></span> <span class='ocrx_word' id='word_1_184' title='bbox 1680 1889 1753 1968; x_wconf 78' lang='lat' dir='ltr'><strong><em>qlo-</em></strong></span> 
     </span>
     <span class='ocr_line' id='line_1_17' title="bbox 124 1981 1756 2064; baseline 0.002 -15"><span class='ocrx_word' id='word_1_185' title='bbox 124 1986 280 2052; x_wconf 86' lang='lat' dir='ltr'><strong><em>beueiicio</em></strong></span> <span class='ocrx_word' id='word_1_186' title='bbox 304 1982 433 2064; x_wconf 87' lang='lat' dir='ltr'><strong><em>deponi,</em></strong></span> <span class='ocrx_word' id='word_1_187' title='bbox 451 1990 482 2046; x_wconf 88' lang='lat' dir='ltr'><strong><em>et</em></strong></span> <span class='ocrx_word' id='word_1_188' title='bbox 496 1983 663 2045; x_wconf 85' lang='lat' dir='ltr'><strong><em>inaratam</em></strong></span> <span class='ocrx_word' id='word_1_189' title='bbox 678 1983 910 2045; x_wconf 88' lang='lat' dir='ltr'><strong><em>monasterium</em></strong></span> <span class='ocrx_word' id='word_1_190' title='bbox 960 1981 1217 2045; x_wconf 69' lang='lat' dir='ltr'><strong><em>reuocandam</em></strong></span> <span class='ocrx_word' id='word_1_191' title='bbox 1258 1999 1517 2048; x_wconf 81' lang='lat' dir='ltr'><strong><em>souasunuursm</em></strong></span> <span class='ocrx_word' id='word_1_192' title='bbox 1536 1997 1565 2049; x_wconf 88' lang='lat' dir='ltr'><strong><em>ct</em></strong></span> <span class='ocrx_word' id='word_1_193' title='bbox 1581 2006 1756 2054; x_wconf 77' lang='grc'><strong>1111111111-</strong></span> 
     </span>
     <span class='ocr_line' id='line_1_18' title="bbox 124 2075 1755 2170; baseline 0.003 -20"><span class='ocrx_word' id='word_1_194' title='bbox 124 2075 185 2150; x_wconf 84' lang='lat' dir='ltr'><strong><em>&#39;seu</em></strong></span> <span class='ocrx_word' id='word_1_195' title='bbox 213 2092 388 2166; x_wconf 83' lang='lat' dir='ltr'><strong><em>perpetuos</em></strong></span> <span class='ocrx_word' id='word_1_196' title='bbox 403 2099 546 2146; x_wconf 88' lang='lat' dir='ltr'><strong><em>carceres</em></strong></span> <span class='ocrx_word' id='word_1_197' title='bbox 574 2081 703 2145; x_wconf 89' lang='lat' dir='ltr'><strong><em>detrudi</em></strong></span> <span class='ocrx_word' id='word_1_198' title='bbox 721 2080 850 2160; x_wconf 86' lang='lat' dir='ltr'><strong><em>debent.</em></strong></span> <span class='ocrx_word' id='word_1_199' title='bbox 864 2082 911 2164; x_wconf 85' lang='lat' dir='ltr'><strong><em>(C.</em></strong></span> <span class='ocrx_word' id='word_1_200' title='bbox 961 2099 1142 2158; x_wconf 83' lang='lat' dir='ltr'><strong><em>uuvmorus,</em></strong></span> <span class='ocrx_word' id='word_1_201' title='bbox 1179 2085 1228 2147; x_wconf 89' lang='lat' dir='ltr'><strong><em>uti</em></strong></span> <span class='ocrx_word' id='word_1_202' title='bbox 1266 2093 1398 2164; x_wconf 88' lang='lat' dir='ltr'><strong><em>cocant,</em></strong></span> <span class='ocrx_word' id='word_1_203' title='bbox 1454 2091 1643 2170; x_wconf 75' lang='lat' dir='ltr'><strong><em>praestato,</em></strong></span> <span class='ocrx_word' id='word_1_204' title='bbox 1689 2091 1755 2155; x_wconf 82' lang='lat' dir='ltr'><strong><em>illa</em></strong></span> 
     </span>
     <span class='ocr_line' id='line_1_19' title="bbox 125 2181 1755 2274; baseline 0.005 -26"><span class='ocrx_word' id='word_1_205' title='bbox 125 2186 154 2262; x_wconf 88' lang='grc'><strong><em>11,</em></strong></span> <span class='ocrx_word' id='word_1_206' title='bbox 170 2188 200 2262; x_wconf 81' lang='grc'><strong><em>5,</em></strong></span> <span class='ocrx_word' id='word_1_207' title='bbox 219 2189 251 2260; x_wconf 98' lang='grc'><strong><em>6,</em></strong></span> <span class='ocrx_word' id='word_1_208' title='bbox 276 2201 369 2250; x_wconf 89' lang='lat' dir='ltr'><strong><em>causa</em></strong></span> <span class='ocrx_word' id='word_1_209' title='bbox 398 2185 450 2260; x_wconf 71' lang='lat'><strong><em>26,</em></strong></span> <span class='ocrx_word' id='word_1_210' title='bbox 490 2188 604 2265; x_wconf 77' lang='lat' dir='ltr'><strong><em>quast.</em></strong></span> <span class='ocrx_word' id='word_1_211' title='bbox 628 2181 683 2265; x_wconf 83' lang='grc'><strong><em>6.)</em></strong></span> <span class='ocrx_word' id='word_1_212' title='bbox 712 2185 751 2248; x_wconf 85' lang='lat' dir='ltr'><strong><em>Et</em></strong></span> <span class='ocrx_word' id='word_1_213' title='bbox 775 2182 912 2264; x_wconf 85' lang='lat' dir='ltr'><strong><em>iusuper</em></strong></span> <span class='ocrx_word' id='word_1_214' title='bbox 963 2183 1202 2248; x_wconf 81' lang='lat' dir='ltr'><strong><em>mulierculam</em></strong></span> <span class='ocrx_word' id='word_1_215' title='bbox 1222 2187 1398 2251; x_wconf 81' lang='lat' dir='ltr'><strong><em>inuisibilia</em></strong></span> <span class='ocrx_word' id='word_1_216' title='bbox 1419 2207 1543 2271; x_wconf 86' lang='lat' dir='ltr'><strong><em>quaque</em></strong></span> <span class='ocrx_word' id='word_1_217' title='bbox 1572 2195 1755 2274; x_wconf 83' lang='lat' dir='ltr'><strong><em>conspicere</em></strong></span> 
     </span>
     <span class='ocr_line' id='line_1_20' title="bbox 127 2281 1754 2373; baseline 0.006 -24"><span class='ocrx_word' id='word_1_218' title='bbox 127 2287 212 2368; x_wconf 86' lang='lat' dir='ltr'><strong><em>magi</em></strong></span> <span class='ocrx_word' id='word_1_219' title='bbox 240 2281 408 2364; x_wconf 89' lang='lat' dir='ltr'><strong><em>degradari</em></strong></span> <span class='ocrx_word' id='word_1_220' title='bbox 424 2283 567 2348; x_wconf 80' lang='lat' dir='ltr'><strong><em>etruriae</em></strong></span> <span class='ocrx_word' id='word_1_221' title='bbox 593 2281 737 2346; x_wconf 76' lang='lat' dir='ltr'><strong><em>saeculari</em></strong></span> <span class='ocrx_word' id='word_1_222' title='bbox 755 2282 835 2347; x_wconf 90' lang='lat' dir='ltr'><strong><em>tradi</em></strong></span> <span class='ocrx_word' id='word_1_223' title='bbox 853 2283 913 2347; x_wconf 88' lang='lat' dir='ltr'><strong><em>de·</em></strong></span> <span class='ocrx_word' id='word_1_224' title='bbox 967 2287 1133 2366; x_wconf 71' lang='lat' dir='ltr'><strong><em>effutiant,</em></strong></span> <span class='ocrx_word' id='word_1_225' title='bbox 1148 2307 1184 2352; x_wconf 89' lang='lat' dir='ltr'><strong><em>ac</em></strong></span> <span class='ocrx_word' id='word_1_226' title='bbox 1200 2288 1237 2352; x_wconf 90' lang='lat' dir='ltr'><strong><em>de</em></strong></span> <span class='ocrx_word' id='word_1_227' title='bbox 1249 2289 1322 2370; x_wconf 86' lang='lat' dir='ltr'><strong><em>ipso</em></strong></span> <span class='ocrx_word' id='word_1_228' title='bbox 1346 2291 1498 2373; x_wconf 87' lang='lat' dir='ltr'><strong><em>reliqionc</em></strong></span> <span class='ocrx_word' id='word_1_229' title='bbox 1521 2311 1679 2357; x_wconf 87' lang='lat' dir='ltr'><strong><em>sermones</em></strong></span> <span class='ocrx_word' id='word_1_230' title='bbox 1700 2297 1754 2359; x_wconf 89' lang='lat' dir='ltr'><strong><em>in·</em></strong></span> 
     </span>
     <span class='ocr_line' id='line_1_21' title="bbox 124 2383 1747 2472; baseline 0.007 -24"><span class='ocrx_word' id='word_1_231' title='bbox 124 2383 212 2450; x_wconf 82' lang='lat' dir='ltr'><strong><em>bant.</em></strong></span> <span class='ocrx_word' id='word_1_232' title='bbox 229 2387 275 2467; x_wconf 82' lang='lat' dir='ltr'><strong><em>(C.</em></strong></span> <span class='ocrx_word' id='word_1_233' title='bbox 287 2385 480 2448; x_wconf 81' lang='lat' dir='ltr'><strong><em>admoueant</em></strong></span> <span class='ocrx_word' id='word_1_234' title='bbox 494 2387 543 2462; x_wconf 78' lang='grc'><strong><em>16,</em></strong></span> <span class='ocrx_word' id='word_1_235' title='bbox 558 2401 653 2448; x_wconf 87' lang='lat' dir='ltr'><strong><em>causa</em></strong></span> <span class='ocrx_word' id='word_1_236' title='bbox 667 2385 718 2462; x_wconf 79' lang='lat'><strong><em>26,</em></strong></span> <span class='ocrx_word' id='word_1_237' title='bbox 735 2391 851 2464; x_wconf 82' lang='lat' dir='ltr'><strong><em>qrraest.</em></strong></span> <span class='ocrx_word' id='word_1_238' title='bbox 867 2383 912 2464; x_wconf 77' lang='grc'><strong>1.)</strong></span> <span class='ocrx_word' id='word_1_239' title='bbox 962 2389 1111 2462; x_wconf 86' lang='lat' dir='ltr'><strong><em>stituerc,</em></strong></span> <span class='ocrx_word' id='word_1_240' title='bbox 1139 2390 1258 2451; x_wconf 90' lang='lat' dir='ltr'><strong><em>animas</em></strong></span> <span class='ocrx_word' id='word_1_241' title='bbox 1277 2399 1473 2454; x_wconf 87' lang='lat' dir='ltr'><strong><em>mortuorum</em></strong></span> <span class='ocrx_word' id='word_1_242' title='bbox 1505 2395 1664 2472; x_wconf 86' lang='lat' dir='ltr'><strong><em>inuocare,</em></strong></span> <span class='ocrx_word' id='word_1_243' title='bbox 1694 2416 1747 2461; x_wconf 87' lang='lat' dir='ltr'><strong><em>rc-</em></strong></span> 
     </span>
     <span class='ocr_line' id='line_1_22' title="bbox 125 2477 1754 2577; baseline 0.006 -27"><span class='ocrx_word' id='word_1_244' title='bbox 125 2523 165 2535; x_wconf 93' lang='lat'><em>-</em></span> <span class='ocrx_word' id='word_1_245' title='bbox 178 2489 216 2550; x_wconf 85' lang='lat' dir='ltr'><strong><em>Et</em></strong></span> <span class='ocrx_word' id='word_1_246' title='bbox 230 2483 269 2550; x_wconf 92' lang='lat' dir='ltr'><strong><em>ad</em></strong></span> <span class='ocrx_word' id='word_1_247' title='bbox 283 2486 315 2550; x_wconf 89' lang='lat' dir='ltr'><strong><em>id</em></strong></span> <span class='ocrx_word' id='word_1_248' title='bbox 329 2485 485 2568; x_wconf 87' lang='lat' dir='ltr'><strong><em>speciales</em></strong></span> <span class='ocrx_word' id='word_1_249' title='bbox 510 2485 682 2568; x_wconf 78' lang='lat' dir='ltr'><strong><em>pontificia</em></strong></span> <span class='ocrx_word' id='word_1_250' title='bbox 707 2483 913 2550; x_wconf 89' lang='lat' dir='ltr'><strong><em>constitutio·</em></strong></span> <span class='ocrx_word' id='word_1_251' title='bbox 963 2505 1079 2566; x_wconf 88' lang='lat' dir='ltr'><strong><em>sponsa</em></strong></span> <span class='ocrx_word' id='word_1_252' title='bbox 1091 2490 1243 2571; x_wconf 89' lang='lat' dir='ltr'><strong><em>occipere,</em></strong></span> <span class='ocrx_word' id='word_1_253' title='bbox 1259 2477 1368 2570; x_wconf 73' lang='lat' dir='ltr'><strong><em>innota</em></strong></span> <span class='ocrx_word' id='word_1_254' title='bbox 1381 2503 1410 2555; x_wconf 89' lang='lat' dir='ltr'><strong><em>et</em></strong></span> <span class='ocrx_word' id='word_1_255' title='bbox 1421 2494 1591 2576; x_wconf 75' lang='lat' dir='ltr'><strong><em>lonqinquo</em></strong></span> <span class='ocrx_word' id='word_1_256' title='bbox 1605 2496 1754 2577; x_wconf 81' lang='lat' dir='ltr'><strong><em>deteqcre,</em></strong></span> 
     </span>
    </p>
   </div>
   <div class='ocr_carea' id='block_1_3' title="bbox 123 2582 919 5277">
    <p class='ocr_par' dir='ltr' id='par_1_4' title="bbox 123 2582 914 3069">
     <span class='ocr_line' id='line_1_23' title="bbox 125 2582 913 2665; baseline -0.006 -16"><span class='ocrx_word' id='word_1_257' title='bbox 125 2601 183 2650; x_wconf 86' lang='lat' dir='ltr'><strong><em>nes</em></strong></span> <span class='ocrx_word' id='word_1_258' title='bbox 203 2585 370 2661; x_wconf 85' lang='lat' dir='ltr'><strong><em>habemur,</em></strong></span> <span class='ocrx_word' id='word_1_259' title='bbox 386 2591 416 2647; x_wconf 91' lang='lat' dir='ltr'><strong><em>et</em></strong></span> <span class='ocrx_word' id='word_1_260' title='bbox 436 2582 602 2665; x_wconf 78' lang='lat' dir='ltr'><strong><em>signanter</em></strong></span> <span class='ocrx_word' id='word_1_261' title='bbox 622 2591 722 2647; x_wconf 91' lang='lat' dir='ltr'><strong><em>coust.</em></strong></span> <span class='ocrx_word' id='word_1_262' title='bbox 739 2584 913 2646; x_wconf 81' lang='grc'><strong>1111111111.</strong></span> 
     </span>
     <span class='ocr_line' id='line_1_24' title="bbox 125 2684 912 2763; baseline -0.009 -13"><span class='ocrx_word' id='word_1_263' title='bbox 125 2686 211 2763; x_wconf 83' lang='lat' dir='ltr'><strong><em>Viti,</em></strong></span> <span class='ocrx_word' id='word_1_264' title='bbox 229 2687 376 2762; x_wconf 84' lang='lat' dir='ltr'><strong><em>Summis;</em></strong></span> <span class='ocrx_word' id='word_1_265' title='bbox 398 2687 515 2748; x_wconf 83' lang='lat' dir='ltr'><strong><em>Laome</em></strong></span> <span class='ocrx_word' id='word_1_266' title='bbox 530 2685 572 2761; x_wconf 85' lang='lat' dir='ltr'><strong><em>X,</em></strong></span> <span class='ocrx_word' id='word_1_267' title='bbox 587 2685 749 2751; x_wconf 73' lang='lat' dir='ltr'><strong><em>Honestior</em></strong></span> <span class='ocrx_word' id='word_1_268' title='bbox 769 2684 912 2748; x_wconf 81' lang='lat' dir='ltr'><strong><em>Gauuon.</em></strong></span> 
     </span>
     <span class='ocr_line' id='line_1_25' title="bbox 123 2783 912 2872; baseline -0.006 -23"><span class='ocrx_word' id='word_1_269' title='bbox 123 2785 215 2872; x_wconf 78' lang='grc' dir='ltr'><strong><em>Ι11111,</em></strong></span> <span class='ocrx_word' id='word_1_270' title='bbox 232 2784 474 2866; x_wconf 68' lang='lat' dir='ltr'><strong><em>omnipotentia·</em></strong></span> <span class='ocrx_word' id='word_1_271' title='bbox 490 2785 618 2848; x_wconf 78' lang='grc'><strong>1151111</strong></span> <span class='ocrx_word' id='word_1_272' title='bbox 629 2785 667 2857; x_wconf 88' lang='lat' dir='ltr'><strong><em>V,</em></strong></span> <span class='ocrx_word' id='word_1_273' title='bbox 684 2783 796 2848; x_wconf 80' lang='lat' dir='ltr'><strong><em>Caliet</em></strong></span> <span class='ocrx_word' id='word_1_274' title='bbox 811 2792 912 2856; x_wconf 75' lang='lat' dir='ltr'><strong><em>tura,</em></strong></span> 
     </span>
     <span class='ocr_line' id='line_1_26' title="bbox 126 2881 914 2969; baseline 0.001 -20"><span class='ocrx_word' id='word_1_275' title='bbox 126 2905 201 2969; x_wconf 85' lang='lat' dir='ltr'><strong><em>quae</em></strong></span> <span class='ocrx_word' id='word_1_276' title='bbox 215 2885 329 2951; x_wconf 87' lang='lat' dir='ltr'><strong><em>ultima</em></strong></span> <span class='ocrx_word' id='word_1_277' title='bbox 341 2903 380 2950; x_wconf 84' lang='lat' dir='ltr'><strong><em>ex</em></strong></span> <span class='ocrx_word' id='word_1_278' title='bbox 394 2887 521 2968; x_wconf 88' lang='lat' dir='ltr'><strong><em>integro</em></strong></span> <span class='ocrx_word' id='word_1_279' title='bbox 537 2881 656 2968; x_wconf 87' lang='lat' dir='ltr'><strong><em>legitur</em></strong></span> <span class='ocrx_word' id='word_1_280' title='bbox 666 2889 752 2966; x_wconf 89' lang='lat' dir='ltr'><strong><em>apud</em></strong></span> <span class='ocrx_word' id='word_1_281' title='bbox 768 2887 914 2950; x_wconf 76' lang='lat' dir='ltr'><strong><em>Faunae.</em></strong></span> 
     </span>
     <span class='ocr_line' id='line_1_27' title="bbox 126 2987 842 3069; baseline -0.004 -17"><span class='ocrx_word' id='word_1_282' title='bbox 126 2990 218 3052; x_wconf 86' lang='lat' dir='ltr'><strong><em>verb.</em></strong></span> <span class='ocrx_word' id='word_1_283' title='bbox 233 2990 435 3069; x_wconf 80' lang='lat' dir='ltr'><strong><em>Superstitio,</em></strong></span> <span class='ocrx_word' id='word_1_284' title='bbox 458 2987 558 3069; x_wconf 67' lang='grc'><strong>1136.)</strong></span> <span class='ocrx_word' id='word_1_285' title='bbox 834 3049 842 3060; x_wconf 73' lang='grc'><strong>,</strong></span> 
     </span>
    </p>

    <p class='ocr_par' dir='ltr' id='par_1_5' title="bbox 125 3087 919 4070">
     <span class='ocr_line' id='line_1_28' title="bbox 166 3087 916 3170; baseline -0.004 -17"><span class='ocrx_word' id='word_1_286' title='bbox 166 3091 209 3153; x_wconf 93' lang='grc'><strong><em>11.</em></strong></span> <span class='ocrx_word' id='word_1_287' title='bbox 234 3089 384 3170; x_wconf 84' lang='lat' dir='ltr'><strong><em>sortilegi</em></strong></span> <span class='ocrx_word' id='word_1_288' title='bbox 423 3105 511 3161; x_wconf 90' lang='lat' dir='ltr'><strong><em>vcro,</em></strong></span> <span class='ocrx_word' id='word_1_289' title='bbox 550 3106 608 3152; x_wconf 89' lang='lat' dir='ltr'><strong><em>seu</em></strong></span> <span class='ocrx_word' id='word_1_290' title='bbox 647 3087 844 3152; x_wconf 85' lang='lat' dir='ltr'><strong><em>divinatores</em></strong></span> <span class='ocrx_word' id='word_1_291' title='bbox 884 3091 916 3150; x_wconf 89' lang='lat' dir='ltr'><strong><em>et</em></strong></span> 
     </span>
     <span class='ocr_line' id='line_1_29' title="bbox 126 3185 917 3272; baseline -0.008 -18"><span class='ocrx_word' id='word_1_292' title='bbox 126 3189 213 3272; x_wconf 87' lang='lat' dir='ltr'><strong><em>megi</em></strong></span> <span class='ocrx_word' id='word_1_293' title='bbox 241 3189 368 3253; x_wconf 89' lang='lat' dir='ltr'><strong><em>laicide</em></strong></span> <span class='ocrx_word' id='word_1_294' title='bbox 389 3192 463 3270; x_wconf 88' lang='lat' dir='ltr'><strong><em>jure</em></strong></span> <span class='ocrx_word' id='word_1_295' title='bbox 490 3186 660 3263; x_wconf 89' lang='lat' dir='ltr'><strong><em>canonico,</em></strong></span> <span class='ocrx_word' id='word_1_296' title='bbox 686 3188 715 3250; x_wconf 90' lang='lat' dir='ltr'><strong><em>si</em></strong></span> <span class='ocrx_word' id='word_1_297' title='bbox 730 3185 828 3260; x_wconf 89' lang='lat' dir='ltr'><strong><em>servi,</em></strong></span> <span class='ocrx_word' id='word_1_298' title='bbox 856 3201 917 3249; x_wconf 90' lang='lat' dir='ltr'><strong><em>seu</em></strong></span> 
     </span>
     <span class='ocr_line' id='line_1_30' title="bbox 127 3285 918 3363; baseline -0.009 -7"><span class='ocrx_word' id='word_1_299' title='bbox 127 3289 390 3363; x_wconf 84' lang='lat' dir='ltr'><strong><em>vilesexsistuut,</em></strong></span> <span class='ocrx_word' id='word_1_300' title='bbox 404 3285 592 3352; x_wconf 89' lang='lat' dir='ltr'><strong><em>verberibus</em></strong></span> <span class='ocrx_word' id='word_1_301' title='bbox 608 3295 639 3351; x_wconf 90' lang='lat' dir='ltr'><strong><em>et</em></strong></span> <span class='ocrx_word' id='word_1_302' title='bbox 659 3285 852 3351; x_wconf 88' lang='lat' dir='ltr'><strong><em>cruciatibus</em></strong></span> <span class='ocrx_word' id='word_1_303' title='bbox 867 3302 918 3350; x_wconf 87' lang='lat' dir='ltr'><strong><em>aa·</em></strong></span> 
     </span>
     <span class='ocr_line' id='line_1_31' title="bbox 125 3385 917 3476; baseline -0.005 -22"><span class='ocrx_word' id='word_1_304' title='bbox 125 3391 262 3472; x_wconf 80' lang='lat' dir='ltr'><strong><em>stigandi</em></strong></span> <span class='ocrx_word' id='word_1_305' title='bbox 278 3397 365 3476; x_wconf 61' lang='lat' dir='ltr'><strong><em>suntq</em></strong></span> <span class='ocrx_word' id='word_1_306' title='bbox 385 3387 478 3452; x_wconf 88' lang='lat' dir='ltr'><strong><em>tiberi</em></strong></span> <span class='ocrx_word' id='word_1_307' title='bbox 496 3395 649 3452; x_wconf 89' lang='lat' dir='ltr'><strong><em>auteruac</em></strong></span> <span class='ocrx_word' id='word_1_308' title='bbox 663 3387 864 3452; x_wconf 87' lang='lat' dir='ltr'><strong><em>honestiores</em></strong></span> <span class='ocrx_word' id='word_1_309' title='bbox 882 3385 917 3450; x_wconf 93' lang='lat' dir='ltr'><strong><em>in</em></strong></span> 
     </span>
     <span class='ocr_line' id='line_1_32' title="bbox 126 3487 914 3574; baseline -0.006 -19"><span class='ocrx_word' id='word_1_310' title='bbox 126 3498 320 3574; x_wconf 88' lang='lat' dir='ltr'><strong><em>perpetuum</em></strong></span> <span class='ocrx_word' id='word_1_311' title='bbox 353 3505 511 3554; x_wconf 82' lang='lat' dir='ltr'><strong><em>carcerem</em></strong></span> <span class='ocrx_word' id='word_1_312' title='bbox 541 3494 617 3552; x_wconf 92' lang='lat' dir='ltr'><strong><em>suut</em></strong></span> <span class='ocrx_word' id='word_1_313' title='bbox 642 3487 823 3568; x_wconf 84' lang='lat' dir='ltr'><strong><em>redigendi.</em></strong></span> <span class='ocrx_word' id='word_1_314' title='bbox 844 3489 914 3550; x_wconf 88' lang='lat' dir='ltr'><strong><em>imo</em></strong></span> 
     </span>
     <span class='ocr_line' id='line_1_33' title="bbox 126 3586 916 3662; baseline -0.004 -10"><span class='ocrx_word' id='word_1_315' title='bbox 126 3591 157 3652; x_wconf 91' lang='lat' dir='ltr'><strong><em>si</em></strong></span> <span class='ocrx_word' id='word_1_316' title='bbox 187 3598 392 3654; x_wconf 88' lang='lat' dir='ltr'><strong><em>contumaees</em></strong></span> <span class='ocrx_word' id='word_1_317' title='bbox 419 3586 552 3662; x_wconf 81' lang='lat' dir='ltr'><strong><em>fuerint,</em></strong></span> <span class='ocrx_word' id='word_1_318' title='bbox 582 3586 700 3650; x_wconf 89' lang='lat' dir='ltr'><strong><em>debent</em></strong></span> <span class='ocrx_word' id='word_1_319' title='bbox 728 3586 824 3650; x_wconf 90' lang='lat' dir='ltr'><strong><em>etiam</em></strong></span> <span class='ocrx_word' id='word_1_320' title='bbox 859 3603 916 3650; x_wconf 85' lang='lat' dir='ltr'><strong><em>ex·</em></strong></span> 
     </span>
     <span class='ocr_line' id='line_1_34' title="bbox 126 3682 916 3766; baseline -0.005 -14"><span class='ocrx_word' id='word_1_321' title='bbox 126 3687 373 3764; x_wconf 88' lang='lat' dir='ltr'><strong><em>communicari,</em></strong></span> <span class='ocrx_word' id='word_1_322' title='bbox 389 3694 420 3749; x_wconf 88' lang='lat' dir='ltr'><strong><em>et</em></strong></span> <span class='ocrx_word' id='word_1_323' title='bbox 437 3687 560 3750; x_wconf 90' lang='lat' dir='ltr'><strong><em>ratione</em></strong></span> <span class='ocrx_word' id='word_1_324' title='bbox 589 3682 701 3766; x_wconf 84' lang='lat' dir='ltr'><strong><em>magiae</em></strong></span> <span class='ocrx_word' id='word_1_325' title='bbox 718 3685 798 3748; x_wconf 88' lang='lat' dir='ltr'><strong><em>tradi</em></strong></span> <span class='ocrx_word' id='word_1_326' title='bbox 838 3701 916 3766; x_wconf 90' lang='lat' dir='ltr'><strong><em>pos-</em></strong></span> 
     </span>
     <span class='ocr_line' id='line_1_35' title="bbox 126 3785 916 3865; baseline -0.005 -11"><span class='ocrx_word' id='word_1_327' title='bbox 126 3797 206 3854; x_wconf 90' lang='lat' dir='ltr'><strong><em>sunt</em></strong></span> <span class='ocrx_word' id='word_1_328' title='bbox 239 3790 337 3854; x_wconf 82' lang='lat' dir='ltr'><strong><em>curiee</em></strong></span> <span class='ocrx_word' id='word_1_329' title='bbox 369 3785 516 3852; x_wconf 77' lang='lat' dir='ltr'><strong><em>seculari</em></strong></span> <span class='ocrx_word' id='word_1_330' title='bbox 546 3787 693 3851; x_wconf 87' lang='lat' dir='ltr'><strong><em>severius</em></strong></span> <span class='ocrx_word' id='word_1_331' title='bbox 717 3787 810 3865; x_wconf 84' lang='lat' dir='ltr'><strong><em>juxta</em></strong></span> <span class='ocrx_word' id='word_1_332' title='bbox 841 3801 916 3850; x_wconf 87' lang='lat' dir='ltr'><strong><em>suas</em></strong></span> 
     </span>
     <span class='ocr_line' id='line_1_36' title="bbox 126 3883 919 3973; baseline -0.005 -19"><span class='ocrx_word' id='word_1_333' title='bbox 126 3891 217 3973; x_wconf 86' lang='lat' dir='ltr'><strong><em>leges</em></strong></span> <span class='ocrx_word' id='word_1_334' title='bbox 245 3889 415 3972; x_wconf 89' lang='lat' dir='ltr'><strong><em>puniendi.</em></strong></span> <span class='ocrx_word' id='word_1_335' title='bbox 430 3889 477 3952; x_wconf 82' lang='lat' dir='ltr'><strong><em>Ex</em></strong></span> <span class='ocrx_word' id='word_1_336' title='bbox 503 3887 620 3952; x_wconf 89' lang='lat' dir='ltr'><strong><em>iisdem</em></strong></span> <span class='ocrx_word' id='word_1_337' title='bbox 639 3883 771 3968; x_wconf 83' lang='lat' dir='ltr'><strong><em>jnribus</em></strong></span> <span class='ocrx_word' id='word_1_338' title='bbox 786 3893 818 3952; x_wconf 90' lang='lat' dir='ltr'><strong><em>et</em></strong></span> <span class='ocrx_word' id='word_1_339' title='bbox 842 3901 919 3950; x_wconf 87' lang='lat' dir='ltr'><strong><em>oon·</em></strong></span> 
     </span>
     <span class='ocr_line' id='line_1_37' title="bbox 125 3989 563 4070; baseline -0.023 -14"><span class='ocrx_word' id='word_1_340' title='bbox 125 3991 351 4056; x_wconf 83' lang='lat' dir='ltr'><strong><em>stitutiouibus</em></strong></span> <span class='ocrx_word' id='word_1_341' title='bbox 366 4006 463 4070; x_wconf 90' lang='lat' dir='ltr'><strong><em>supra</em></strong></span> <span class='ocrx_word' id='word_1_342' title='bbox 479 3989 563 4054; x_wconf 80' lang='lat' dir='ltr'><strong><em>cit.»</em></strong></span> 
     </span>
    </p>

    <p class='ocr_par' dir='ltr' id='par_1_6' title="bbox 125 4088 919 5166">
     <span class='ocr_line' id='line_1_38' title="bbox 168 4088 916 4172; baseline -0.008 -16"><span class='ocrx_word' id='word_1_343' title='bbox 168 4093 226 4156; x_wconf 91' lang='grc'><strong>111.</strong></span> <span class='ocrx_word' id='word_1_344' title='bbox 260 4090 423 4172; x_wconf 86' lang='lat' dir='ltr'><strong><em>Sortilegi,</em></strong></span> <span class='ocrx_word' id='word_1_345' title='bbox 457 4107 518 4153; x_wconf 89' lang='lat' dir='ltr'><strong><em>seu</em></strong></span> <span class='ocrx_word' id='word_1_346' title='bbox 546 4088 741 4152; x_wconf 84' lang='lat' dir='ltr'><strong><em>dirinatores</em></strong></span> <span class='ocrx_word' id='word_1_347' title='bbox 766 4094 798 4152; x_wconf 91' lang='lat' dir='ltr'><strong><em>et</em></strong></span> <span class='ocrx_word' id='word_1_348' title='bbox 820 4088 916 4170; x_wconf 86' lang='lat' dir='ltr'><strong><em>magi,</em></strong></span> 
     </span>
     <span class='ocr_line' id='line_1_39' title="bbox 125 4189 917 4272; baseline -0.004 -15"><span class='ocrx_word' id='word_1_349' title='bbox 125 4201 191 4257; x_wconf 88' lang='lat' dir='ltr'><strong><em>tam</em></strong></span> <span class='ocrx_word' id='word_1_350' title='bbox 209 4191 318 4255; x_wconf 84' lang='lat' dir='ltr'><strong><em>clerici</em></strong></span> <span class='ocrx_word' id='word_1_351' title='bbox 336 4208 430 4272; x_wconf 89' lang='lat' dir='ltr'><strong><em>quum</em></strong></span> <span class='ocrx_word' id='word_1_352' title='bbox 461 4189 544 4266; x_wconf 87' lang='lat' dir='ltr'><strong><em>laici,</em></strong></span> <span class='ocrx_word' id='word_1_353' title='bbox 561 4198 637 4254; x_wconf 92' lang='lat' dir='ltr'><strong><em>suut</em></strong></span> <span class='ocrx_word' id='word_1_354' title='bbox 657 4189 804 4265; x_wconf 85' lang='lat' dir='ltr'><strong><em>iulames,</em></strong></span> <span class='ocrx_word' id='word_1_355' title='bbox 825 4191 917 4254; x_wconf 87' lang='lat' dir='ltr'><strong><em>ideo·</em></strong></span> 
     </span>
     <span class='ocr_line' id='line_1_40' title="bbox 126 4291 914 4378; baseline -0.003 -22"><span class='ocrx_word' id='word_1_356' title='bbox 126 4313 193 4378; x_wconf 87' lang='lat' dir='ltr'><strong><em>que</em></strong></span> <span class='ocrx_word' id='word_1_357' title='bbox 228 4314 245 4358; x_wconf 87' lang='lat' dir='ltr'><strong><em>u</em></strong></span> <span class='ocrx_word' id='word_1_358' title='bbox 275 4292 462 4357; x_wconf 87' lang='lat' dir='ltr'><strong><em>testimonio</em></strong></span> <span class='ocrx_word' id='word_1_359' title='bbox 493 4299 525 4354; x_wconf 91' lang='lat' dir='ltr'><strong><em>et</em></strong></span> <span class='ocrx_word' id='word_1_360' title='bbox 559 4293 762 4356; x_wconf 87' lang='lat' dir='ltr'><strong><em>accusatione</em></strong></span> <span class='ocrx_word' id='word_1_361' title='bbox 806 4291 914 4374; x_wconf 86' lang='lat' dir='ltr'><strong><em>repei-</em></strong></span> 
     </span>
     <span class='ocr_line' id='line_1_41' title="bbox 128 4381 916 4478; baseline -0.005 -18"><span class='ocrx_word' id='word_1_362' title='bbox 128 4395 254 4460; x_wconf 91' lang='lat' dir='ltr'><strong><em>luutur.</em></strong></span> <span class='ocrx_word' id='word_1_363' title='bbox 273 4397 329 4478; x_wconf 84' lang='lat' dir='ltr'><strong><em>(C.</em></strong></span> <span class='ocrx_word' id='word_1_364' title='bbox 347 4391 575 4458; x_wconf 83' lang='lat' dir='ltr'><strong><em>Constituimus</em></strong></span> <span class='ocrx_word' id='word_1_365' title='bbox 590 4381 619 4467; x_wconf 81' lang='grc'><strong><em>9,</em></strong></span> <span class='ocrx_word' id='word_1_366' title='bbox 642 4408 738 4466; x_wconf 88' lang='lat' dir='ltr'><strong><em>causa</em></strong></span> <span class='ocrx_word' id='word_1_367' title='bbox 753 4393 784 4469; x_wconf 83' lang='grc'><strong><em>3,</em></strong></span> <span class='ocrx_word' id='word_1_368' title='bbox 800 4400 916 4473; x_wconf 76' lang='lat' dir='ltr'><strong><em>quaest.</em></strong></span> 
     </span>
     <span class='ocr_line' id='line_1_42' title="bbox 127 4492 917 4580; baseline -0.005 -19"><span class='ocrx_word' id='word_1_369' title='bbox 127 4499 251 4580; x_wconf 68' lang='grc'><strong>1111</strong></span> <span class='ocrx_word' id='word_1_370' title='bbox 274 4492 303 4558; x_wconf 91' lang='lat' dir='ltr'><strong><em>si</em></strong></span> <span class='ocrx_word' id='word_1_371' title='bbox 322 4501 493 4560; x_wconf 83' lang='lat' dir='ltr'><strong><em>exerceant</em></strong></span> <span class='ocrx_word' id='word_1_372' title='bbox 517 4492 697 4574; x_wconf 83' lang='lat' dir='ltr'><strong><em>sortilegia,</em></strong></span> <span class='ocrx_word' id='word_1_373' title='bbox 721 4495 917 4557; x_wconf 89' lang='lat' dir='ltr'><strong><em>seudivina·</em></strong></span> 
     </span>
     <span class='ocr_line' id='line_1_43' title="bbox 130 4595 917 4679; baseline -0.006 -18"><span class='ocrx_word' id='word_1_374' title='bbox 130 4601 235 4662; x_wconf 85' lang='lat' dir='ltr'><strong><em>tiones</em></strong></span> <span class='ocrx_word' id='word_1_375' title='bbox 253 4616 288 4663; x_wconf 90' lang='lat' dir='ltr'><strong><em>ac</em></strong></span> <span class='ocrx_word' id='word_1_376' title='bbox 301 4597 431 4679; x_wconf 84' lang='lat' dir='ltr'><strong><em>magias,</em></strong></span> <span class='ocrx_word' id='word_1_377' title='bbox 460 4613 534 4678; x_wconf 76' lang='lat' dir='ltr'><strong><em>quse</em></strong></span> <span class='ocrx_word' id='word_1_378' title='bbox 550 4595 697 4660; x_wconf 83' lang='lat' dir='ltr'><strong><em>haeresim</em></strong></span> <span class='ocrx_word' id='word_1_379' title='bbox 720 4595 857 4676; x_wconf 91' lang='lat' dir='ltr'><strong><em>sapiant,</em></strong></span> <span class='ocrx_word' id='word_1_380' title='bbox 883 4605 917 4658; x_wconf 88' lang='lat' dir='ltr'><strong><em>ut</em></strong></span> 
     </span>
     <span class='ocr_line' id='line_1_44' title="bbox 128 4693 916 4774; baseline -0.003 -14"><span class='ocrx_word' id='word_1_381' title='bbox 128 4695 311 4760; x_wconf 88' lang='lat' dir='ltr'><strong><em>invocando</em></strong></span> <span class='ocrx_word' id='word_1_382' title='bbox 338 4697 516 4758; x_wconf 74' lang='lat' dir='ltr'><strong><em>acarnanum</em></strong></span> <span class='ocrx_word' id='word_1_383' title='bbox 544 4711 602 4774; x_wconf 91' lang='lat' dir='ltr'><strong><em>per</em></strong></span> <span class='ocrx_word' id='word_1_384' title='bbox 617 4711 728 4771; x_wconf 84' lang='lat' dir='ltr'><strong><em>preces</em></strong></span> <span class='ocrx_word' id='word_1_385' title='bbox 748 4693 916 4758; x_wconf 79' lang='grc'><strong>111111111-</strong></span> 
     </span>
     <span class='ocr_line' id='line_1_45' title="bbox 128 4793 919 4878; baseline -0.004 -17"><span class='ocrx_word' id='word_1_386' title='bbox 128 4795 191 4874; x_wconf 89' lang='lat' dir='ltr'><strong><em>cia,</em></strong></span> <span class='ocrx_word' id='word_1_387' title='bbox 212 4799 307 4878; x_wconf 88' lang='lat' dir='ltr'><strong><em>eique</em></strong></span> <span class='ocrx_word' id='word_1_388' title='bbox 334 4794 517 4871; x_wconf 86' lang='lat' dir='ltr'><strong><em>tribuendo,</em></strong></span> <span class='ocrx_word' id='word_1_389' title='bbox 542 4809 616 4874; x_wconf 81' lang='lat' dir='ltr'><strong><em>quae</em></strong></span> <span class='ocrx_word' id='word_1_390' title='bbox 643 4793 705 4856; x_wconf 89' lang='lat' dir='ltr'><strong><em>soii</em></strong></span> <span class='ocrx_word' id='word_1_391' title='bbox 740 4796 919 4858; x_wconf 82' lang='grc'><strong>111111111-</strong></span> 
     </span>
     <span class='ocr_line' id='line_1_46' title="bbox 127 4894 919 4980; baseline -0.004 -19"><span class='ocrx_word' id='word_1_392' title='bbox 127 4906 255 4980; x_wconf 88' lang='lat' dir='ltr'><strong><em>petunt,</em></strong></span> <span class='ocrx_word' id='word_1_393' title='bbox 280 4915 319 4961; x_wconf 87' lang='lat' dir='ltr'><strong><em>ex</em></strong></span> <span class='ocrx_word' id='word_1_394' title='bbox 335 4895 462 4958; x_wconf 89' lang='lat' dir='ltr'><strong><em>constit.</em></strong></span> <span class='ocrx_word' id='word_1_395' title='bbox 491 4894 541 4970; x_wconf 83' lang='grc'><strong><em>16,</em></strong></span> <span class='ocrx_word' id='word_1_396' title='bbox 563 4896 657 4958; x_wconf 87' lang='lat' dir='ltr'><strong><em>Joau.</em></strong></span> <span class='ocrx_word' id='word_1_397' title='bbox 679 4896 789 4970; x_wconf 77' lang='lat' dir='ltr'><strong><em>xxti,</em></strong></span> <span class='ocrx_word' id='word_1_398' title='bbox 819 4910 919 4978; x_wconf 87' lang='lat' dir='ltr'><strong><em>supra</em></strong></span> 
     </span>
     <span class='ocr_line' id='line_1_47' title="bbox 129 4994 919 5087; baseline -0.004 -24"><span class='ocrx_word' id='word_1_399' title='bbox 129 4995 383 5087; x_wconf 86' lang='lat' dir='ltr'><strong><em>suutpuuieudi</em></strong></span> <span class='ocrx_word' id='word_1_400' title='bbox 421 4994 537 5060; x_wconf 85' lang='lat' dir='ltr'><strong><em>iisdem</em></strong></span> <span class='ocrx_word' id='word_1_401' title='bbox 575 4995 679 5076; x_wconf 83' lang='lat' dir='ltr'><strong><em>paenis</em></strong></span> <span class='ocrx_word' id='word_1_402' title='bbox 701 4994 822 5074; x_wconf 91' lang='lat' dir='ltr'><strong><em>quibus</em></strong></span> <span class='ocrx_word' id='word_1_403' title='bbox 858 5011 919 5076; x_wconf 88' lang='lat' dir='ltr'><strong><em>pa·</em></strong></span> 
     </span>
     <span class='ocr_line' id='line_1_48' title="bbox 128 5095 732 5166; baseline -0.012 -1"><span class='ocrx_word' id='word_1_404' title='bbox 128 5095 269 5166; x_wconf 89' lang='lat' dir='ltr'><strong><em>uiendas</em></strong></span> <span class='ocrx_word' id='word_1_405' title='bbox 296 5115 368 5163; x_wconf 90' lang='lat' dir='ltr'><strong><em>esse</em></strong></span> <span class='ocrx_word' id='word_1_406' title='bbox 395 5097 732 5160; x_wconf 75' lang='lat' dir='ltr'><strong><em>haereticosdiximus.</em></strong></span> 
     </span>
    </p>

    <p class='ocr_par' dir='ltr' id='par_1_7' title="bbox 173 5194 918 5277">
     <span class='ocr_line' id='line_1_49' title="bbox 173 5194 918 5277; baseline -0.004 -14"><span class='ocrx_word' id='word_1_407' title='bbox 173 5199 281 5264; x_wconf 80' lang='lat' dir='ltr'><strong><em>ludex</em></strong></span> <span class='ocrx_word' id='word_1_408' title='bbox 302 5198 539 5263; x_wconf 87' lang='lat' dir='ltr'><strong><em>ecclesiasticus</em></strong></span> <span class='ocrx_word' id='word_1_409' title='bbox 558 5194 676 5277; x_wconf 86' lang='lat' dir='ltr'><strong><em>punire</em></strong></span> <span class='ocrx_word' id='word_1_410' title='bbox 694 5203 799 5276; x_wconf 85' lang='lat' dir='ltr'><strong><em>potest</em></strong></span> <span class='ocrx_word' id='word_1_411' title='bbox 820 5197 918 5262; x_wconf 88' lang='lat' dir='ltr'><strong><em>sorti·</em></strong></span> 
     </span>
    </p>
   </div>
   <div class='ocr_carea' id='block_1_4' title="bbox 964 2585 1761 4484">
    <p class='ocr_par' dir='ltr' id='par_1_8' title="bbox 964 2585 1761 4271">
     <span class='ocr_line' id='line_1_50' title="bbox 964 2585 1757 2671; baseline 0.021 -24"><span class='ocrx_word' id='word_1_412' title='bbox 964 2585 1085 2668; x_wconf 86' lang='lat' dir='ltr'><strong><em>aliaque</em></strong></span> <span class='ocrx_word' id='word_1_413' title='bbox 1098 2589 1132 2652; x_wconf 91' lang='lat' dir='ltr'><strong><em>id</em></strong></span> <span class='ocrx_word' id='word_1_414' title='bbox 1146 2608 1243 2670; x_wconf 89' lang='lat' dir='ltr'><strong><em>qcnue</em></strong></span> <span class='ocrx_word' id='word_1_415' title='bbox 1261 2593 1483 2671; x_wconf 85' lang='lat' dir='ltr'><strong><em>superstitiosa</em></strong></span> <span class='ocrx_word' id='word_1_416' title='bbox 1505 2615 1658 2670; x_wconf 80' lang='lat' dir='ltr'><strong><em>euertere,</em></strong></span> <span class='ocrx_word' id='word_1_417' title='bbox 1672 2619 1757 2664; x_wconf 86' lang='lat' dir='ltr'><strong><em>ausu</em></strong></span> 
     </span>
     <span class='ocr_line' id='line_1_51' title="bbox 966 2689 1754 2778; baseline 0.024 -32"><span class='ocrx_word' id='word_1_418' title='bbox 966 2689 1133 2778; x_wconf 72' lang='lat' dir='ltr'><strong><em>lemerario</em></strong></span> <span class='ocrx_word' id='word_1_419' title='bbox 1166 2702 1398 2770; x_wconf 79' lang='lat' dir='ltr'><strong><em>prosumnus...</em></strong></span> <span class='ocrx_word' id='word_1_420' title='bbox 1431 2696 1470 2760; x_wconf 86' lang='lat' dir='ltr'><strong><em>In</em></strong></span> <span class='ocrx_word' id='word_1_421' title='bbox 1487 2697 1571 2760; x_wconf 86' lang='lat' dir='ltr'><strong><em>hisee</em></strong></span> <span class='ocrx_word' id='word_1_422' title='bbox 1599 2701 1754 2776; x_wconf 86' lang='lat' dir='ltr'><strong><em>omnibus,</em></strong></span> 
     </span>
     <span class='ocr_line' id='line_1_52' title="bbox 965 2787 1758 2874; baseline 0.024 -27"><span class='ocrx_word' id='word_1_423' title='bbox 965 2805 1149 2874; x_wconf 84' lang='lat' dir='ltr'><strong><em>quacunque</em></strong></span> <span class='ocrx_word' id='word_1_424' title='bbox 1170 2791 1292 2856; x_wconf 88' lang='lat' dir='ltr'><strong><em>demum</em></strong></span> <span class='ocrx_word' id='word_1_425' title='bbox 1306 2787 1374 2858; x_wconf 84' lang='lat' dir='ltr'><strong><em>eirte</em></strong></span> <span class='ocrx_word' id='word_1_426' title='bbox 1393 2805 1528 2862; x_wconf 84' lang='lat' dir='ltr'><strong><em>utantur</em></strong></span> <span class='ocrx_word' id='word_1_427' title='bbox 1541 2799 1590 2862; x_wconf 87' lang='lat' dir='ltr'><strong><em>uel</em></strong></span> <span class='ocrx_word' id='word_1_428' title='bbox 1610 2800 1758 2867; x_wconf 87' lang='lat' dir='ltr'><strong><em>illusione</em></strong></span> 
     </span>
     <span class='ocr_line' id='line_1_53' title="bbox 965 2891 1757 2986; baseline 0.018 -32"><span class='ocrx_word' id='word_1_429' title='bbox 965 2909 1035 2962; x_wconf 89' lang='lat' dir='ltr'><strong><em>cum</em></strong></span> <span class='ocrx_word' id='word_1_430' title='bbox 1068 2891 1257 2958; x_wconf 87' lang='lat' dir='ltr'><strong><em>ordinentur</em></strong></span> <span class='ocrx_word' id='word_1_431' title='bbox 1289 2895 1391 2960; x_wconf 87' lang='lat' dir='ltr'><strong><em>media</em></strong></span> <span class='ocrx_word' id='word_1_432' title='bbox 1415 2901 1549 2979; x_wconf 69' lang='lat' dir='ltr'><strong><em>physica</em></strong></span> <span class='ocrx_word' id='word_1_433' title='bbox 1566 2901 1607 2965; x_wconf 90' lang='lat' dir='ltr'><strong><em>ad</em></strong></span> <span class='ocrx_word' id='word_1_434' title='bbox 1629 2907 1757 2986; x_wconf 73' lang='lat' dir='ltr'><strong><em>effectus</em></strong></span> 
     </span>
     <span class='ocr_line' id='line_1_54' title="bbox 965 2996 1758 3082; baseline 0.016 -27"><span class='ocrx_word' id='word_1_435' title='bbox 965 3011 1030 3056; x_wconf 92' lang='lat' dir='ltr'><strong><em>non</em></strong></span> <span class='ocrx_word' id='word_1_436' title='bbox 1056 2996 1235 3070; x_wconf 85' lang='lat' dir='ltr'><strong><em>naturales,</em></strong></span> <span class='ocrx_word' id='word_1_437' title='bbox 1263 2999 1426 3075; x_wconf 86' lang='lat' dir='ltr'><strong><em>reperitur</em></strong></span> <span class='ocrx_word' id='word_1_438' title='bbox 1455 3001 1597 3082; x_wconf 88' lang='lat' dir='ltr'><strong><em>deceptio</em></strong></span> <span class='ocrx_word' id='word_1_439' title='bbox 1629 3007 1758 3068; x_wconf 82' lang='lat' dir='ltr'><strong><em>omnino</em></strong></span> 
     </span>
     <span class='ocr_line' id='line_1_55' title="bbox 965 3093 1761 3176; baseline 0.018 -20"><span class='ocrx_word' id='word_1_440' title='bbox 965 3093 1082 3168; x_wconf 85' lang='lat' dir='ltr'><strong><em>illicita</em></strong></span> <span class='ocrx_word' id='word_1_441' title='bbox 1106 3104 1134 3162; x_wconf 91' lang='lat' dir='ltr'><strong><em>ct</em></strong></span> <span class='ocrx_word' id='word_1_442' title='bbox 1161 3097 1362 3176; x_wconf 86' lang='lat' dir='ltr'><strong><em>hareticalis,</em></strong></span> <span class='ocrx_word' id='word_1_443' title='bbox 1391 3110 1420 3168; x_wconf 85' lang='lat' dir='ltr'><strong><em>et</em></strong></span> <span class='ocrx_word' id='word_1_444' title='bbox 1436 3102 1619 3168; x_wconf 88' lang='lat' dir='ltr'><strong><em>scandulum</em></strong></span> <span class='ocrx_word' id='word_1_445' title='bbox 1646 3117 1761 3170; x_wconf 69' lang='lat' dir='ltr'><strong><em>conon</em></strong></span> 
     </span>
     <span class='ocr_line' id='line_1_56' title="bbox 965 3195 1758 3287; baseline 0.015 -28"><span class='ocrx_word' id='word_1_446' title='bbox 965 3195 1155 3260; x_wconf 74' lang='lat' dir='ltr'><strong><em>honestatem</em></strong></span> <span class='ocrx_word' id='word_1_447' title='bbox 1196 3219 1355 3266; x_wconf 85' lang='lat' dir='ltr'><strong><em>moram...</em></strong></span> <span class='ocrx_word' id='word_1_448' title='bbox 1404 3205 1557 3285; x_wconf 89' lang='lat' dir='ltr'><strong><em>Suprema</em></strong></span> <span class='ocrx_word' id='word_1_449' title='bbox 1585 3207 1685 3287; x_wconf 88' lang='lat' dir='ltr'><strong><em>igitur</em></strong></span> <span class='ocrx_word' id='word_1_450' title='bbox 1707 3210 1758 3271; x_wconf 88' lang='lat' dir='ltr'><strong><em>lu·</em></strong></span> 
     </span>
     <span class='ocr_line' id='line_1_57' title="bbox 967 3295 1759 3386; baseline 0.018 -29"><span class='ocrx_word' id='word_1_451' title='bbox 967 3295 1104 3378; x_wconf 89' lang='lat' dir='ltr'><strong><em>quisitio</em></strong></span> <span class='ocrx_word' id='word_1_452' title='bbox 1118 3297 1150 3364; x_wconf 93' lang='lat' dir='ltr'><strong><em>id</em></strong></span> <span class='ocrx_word' id='word_1_453' title='bbox 1185 3300 1345 3380; x_wconf 80' lang='lat' dir='ltr'><strong><em>improbat</em></strong></span> <span class='ocrx_word' id='word_1_454' title='bbox 1379 3314 1528 3386; x_wconf 84' lang='lat' dir='ltr'><strong><em>tauquam</em></strong></span> <span class='ocrx_word' id='word_1_455' title='bbox 1561 3306 1649 3371; x_wconf 83' lang='lat' dir='ltr'><strong><em>nelos</em></strong></span> <span class='ocrx_word' id='word_1_456' title='bbox 1677 3308 1759 3371; x_wconf 89' lang='lat' dir='ltr'><strong><em>reii-</em></strong></span> 
     </span>
     <span class='ocr_line' id='line_1_58' title="bbox 967 3397 1759 3483; baseline 0.013 -23"><span class='ocrx_word' id='word_1_457' title='bbox 967 3397 1060 3478; x_wconf 82' lang='lat' dir='ltr'><strong><em>gioni</em></strong></span> <span class='ocrx_word' id='word_1_458' title='bbox 1072 3408 1104 3462; x_wconf 86' lang='lat' dir='ltr'><strong><em>et</em></strong></span> <span class='ocrx_word' id='word_1_459' title='bbox 1118 3398 1206 3464; x_wconf 88' lang='lat' dir='ltr'><strong><em>civili</em></strong></span> <span class='ocrx_word' id='word_1_460' title='bbox 1221 3400 1365 3468; x_wconf 86' lang='lat' dir='ltr'><strong><em>societati</em></strong></span> <span class='ocrx_word' id='word_1_461' title='bbox 1385 3404 1647 3483; x_wconf 85' lang='lat' dir='ltr'><strong><em>infestissimum,</em></strong></span> <span class='ocrx_word' id='word_1_462' title='bbox 1662 3423 1699 3470; x_wconf 88' lang='lat' dir='ltr'><strong><em>ac</em></strong></span> <span class='ocrx_word' id='word_1_463' title='bbox 1713 3408 1759 3470; x_wconf 90' lang='lat' dir='ltr'><strong><em>si·</em></strong></span> 
     </span>
     <span class='ocr_line' id='line_1_59' title="bbox 968 3498 1753 3580; baseline 0.005 -16"><span class='ocrx_word' id='word_1_464' title='bbox 968 3498 1035 3564; x_wconf 87' lang='lat' dir='ltr'><strong><em>mvrl</em></strong></span> <span class='ocrx_word' id='word_1_465' title='bbox 1068 3499 1239 3580; x_wconf 80' lang='lat' dir='ltr'><strong><em>episcopos</em></strong></span> <span class='ocrx_word' id='word_1_466' title='bbox 1264 3502 1409 3568; x_wconf 90' lang='lat' dir='ltr'><strong><em>bortatur</em></strong></span> <span class='ocrx_word' id='word_1_467' title='bbox 1432 3512 1468 3568; x_wconf 94' lang='lat' dir='ltr'><strong><em>ut</em></strong></span> <span class='ocrx_word' id='word_1_468' title='bbox 1486 3521 1616 3569; x_wconf 90' lang='lat' dir='ltr'><strong><em>omnem</em></strong></span> <span class='ocrx_word' id='word_1_469' title='bbox 1643 3523 1753 3570; x_wconf 85' lang='lat' dir='ltr'><strong><em>euram</em></strong></span> 
     </span>
     <span class='ocr_line' id='line_1_60' title="bbox 967 3595 1755 3683; baseline 0.011 -21"><span class='ocrx_word' id='word_1_470' title='bbox 967 3595 1167 3678; x_wconf 87' lang='lat' dir='ltr'><strong><em>impendant,</em></strong></span> <span class='ocrx_word' id='word_1_471' title='bbox 1188 3619 1253 3682; x_wconf 85' lang='lat' dir='ltr'><strong><em>qua</em></strong></span> <span class='ocrx_word' id='word_1_472' title='bbox 1277 3611 1416 3683; x_wconf 82' lang='lat' dir='ltr'><strong><em>paterne</em></strong></span> <span class='ocrx_word' id='word_1_473' title='bbox 1435 3605 1597 3669; x_wconf 86' lang='lat' dir='ltr'><strong><em>charitatis</em></strong></span> <span class='ocrx_word' id='word_1_474' title='bbox 1618 3606 1755 3671; x_wconf 90' lang='lat' dir='ltr'><strong><em>monitis</em></strong></span> 
     </span>
     <span class='ocr_line' id='line_1_61' title="bbox 967 3702 1756 3787; baseline 0.013 -26"><span class='ocrx_word' id='word_1_475' title='bbox 967 3715 1031 3780; x_wconf 87' lang='lat' dir='ltr'><strong><em>qua</em></strong></span> <span class='ocrx_word' id='word_1_476' title='bbox 1061 3702 1183 3768; x_wconf 87' lang='lat' dir='ltr'><strong><em>severis</em></strong></span> <span class='ocrx_word' id='word_1_477' title='bbox 1220 3703 1511 3784; x_wconf 80' lang='lat' dir='ltr'><strong><em>objurgationibus,</em></strong></span> <span class='ocrx_word' id='word_1_478' title='bbox 1534 3723 1596 3787; x_wconf 85' lang='lat' dir='ltr'><strong><em>qua</em></strong></span> <span class='ocrx_word' id='word_1_479' title='bbox 1625 3707 1756 3771; x_wconf 91' lang='lat' dir='ltr'><strong><em>demum</em></strong></span> 
     </span>
     <span class='ocr_line' id='line_1_62' title="bbox 964 3799 1758 3887; baseline 0.014 -26"><span class='ocrx_word' id='word_1_480' title='bbox 964 3799 1050 3880; x_wconf 75' lang='lat' dir='ltr'><strong><em>iuris</em></strong></span> <span class='ocrx_word' id='word_1_481' title='bbox 1067 3803 1220 3868; x_wconf 86' lang='lat' dir='ltr'><strong><em>remediis</em></strong></span> <span class='ocrx_word' id='word_1_482' title='bbox 1247 3804 1413 3882; x_wconf 88' lang='lat' dir='ltr'><strong><em>adhibitis,</em></strong></span> <span class='ocrx_word' id='word_1_483' title='bbox 1443 3815 1537 3887; x_wconf 85' lang='lat' dir='ltr'><strong><em>prom</em></strong></span> <span class='ocrx_word' id='word_1_484' title='bbox 1555 3808 1686 3872; x_wconf 86' lang='lat' dir='ltr'><strong><em>attentis</em></strong></span> <span class='ocrx_word' id='word_1_485' title='bbox 1708 3807 1758 3872; x_wconf 88' lang='lat' dir='ltr'><strong><em>io·</em></strong></span> 
     </span>
     <span class='ocr_line' id='line_1_63' title="bbox 967 3907 1756 3988; baseline 0.011 -26"><span class='ocrx_word' id='word_1_486' title='bbox 967 3917 1098 3977; x_wconf 87' lang='lat' dir='ltr'><strong><em>corum,</em></strong></span> <span class='ocrx_word' id='word_1_487' title='bbox 1137 3919 1368 3982; x_wconf 83' lang='lat' dir='ltr'><strong><em>personarum,</em></strong></span> <span class='ocrx_word' id='word_1_488' title='bbox 1415 3912 1663 3988; x_wconf 87' lang='lat' dir='ltr'><strong><em>temporumque</em></strong></span> <span class='ocrx_word' id='word_1_489' title='bbox 1697 3907 1756 3971; x_wconf 89' lang='lat' dir='ltr'><strong><em>ad·</em></strong></span> 
     </span>
     <span class='ocr_line' id='line_1_64' title="bbox 964 3998 1759 4091; baseline 0.011 -29"><span class='ocrx_word' id='word_1_490' title='bbox 964 3998 1096 4080; x_wconf 90' lang='lat' dir='ltr'><strong><em>junctis,</em></strong></span> <span class='ocrx_word' id='word_1_491' title='bbox 1123 4003 1277 4084; x_wconf 82' lang='lat' dir='ltr'><strong><em>expedire</em></strong></span> <span class='ocrx_word' id='word_1_492' title='bbox 1315 4006 1543 4086; x_wconf 79' lang='lat' dir='ltr'><strong><em>iudicaverint,</em></strong></span> <span class='ocrx_word' id='word_1_493' title='bbox 1572 4008 1613 4071; x_wconf 86' lang='lat' dir='ltr'><strong><em>ad</em></strong></span> <span class='ocrx_word' id='word_1_494' title='bbox 1644 4008 1759 4091; x_wconf 74' lang='lat' dir='ltr'><strong><em>buius·</em></strong></span> 
     </span>
     <span class='ocr_line' id='line_1_65' title="bbox 968 4101 1758 4188; baseline 0.009 -24"><span class='ocrx_word' id='word_1_495' title='bbox 968 4101 1055 4164; x_wconf 90' lang='lat' dir='ltr'><strong><em>modi</em></strong></span> <span class='ocrx_word' id='word_1_496' title='bbox 1094 4105 1298 4185; x_wconf 80' lang='lat' dir='ltr'><strong><em>magnetismi</em></strong></span> <span class='ocrx_word' id='word_1_497' title='bbox 1327 4108 1448 4171; x_wconf 86' lang='lat' dir='ltr'><strong><em>abusus</em></strong></span> <span class='ocrx_word' id='word_1_498' title='bbox 1472 4108 1697 4188; x_wconf 86' lang='lat' dir='ltr'><strong><em>reprimendos</em></strong></span> <span class='ocrx_word' id='word_1_499' title='bbox 1726 4120 1758 4172; x_wconf 90' lang='lat' dir='ltr'><strong><em>et</em></strong></span> 
     </span>
     <span class='ocr_line' id='line_1_66' title="bbox 968 4203 1169 4271; baseline 0.02 -5"><span class='ocrx_word' id='word_1_500' title='bbox 968 4203 1169 4271; x_wconf 84' lang='lat' dir='ltr'><strong><em>avellendos.</em></strong></span> 
     </span>
    </p>

    <p class='ocr_par' dir='ltr' id='par_1_9' title="bbox 968 4301 1758 4484">
     <span class='ocr_line' id='line_1_67' title="bbox 974 4301 1758 4386; baseline 0.014 -23"><span class='ocrx_word' id='word_1_501' title='bbox 974 4353 980 4362; x_wconf 92' lang='lat'><em>.</em></span> <span class='ocrx_word' id='word_1_502' title='bbox 1006 4301 1092 4376; x_wconf 86' lang='lat' dir='ltr'><strong><em>Quid</em></strong></span> <span class='ocrx_word' id='word_1_503' title='bbox 1112 4305 1298 4369; x_wconf 85' lang='lat' dir='ltr'><strong><em>cautissime</em></strong></span> <span class='ocrx_word' id='word_1_504' title='bbox 1319 4305 1480 4386; x_wconf 83' lang='lat' dir='ltr'><strong><em>agendum</em></strong></span> <span class='ocrx_word' id='word_1_505' title='bbox 1508 4307 1611 4372; x_wconf 83' lang='lat' dir='ltr'><strong><em>sitex</em></strong></span> <span class='ocrx_word' id='word_1_506' title='bbox 1632 4309 1758 4374; x_wconf 89' lang='lat' dir='ltr'><strong><em>bacen-</em></strong></span> 
     </span>
     <span class='ocr_line' id='line_1_68' title="bbox 968 4399 1644 4484; baseline 0.012 -20"><span class='ocrx_word' id='word_1_507' title='bbox 968 4399 1086 4478; x_wconf 82' lang='lat' dir='ltr'><strong><em>cyclica</em></strong></span> <span class='ocrx_word' id='word_1_508' title='bbox 1115 4406 1304 4484; x_wconf 89' lang='lat' dir='ltr'><strong><em>depromant</em></strong></span> <span class='ocrx_word' id='word_1_509' title='bbox 1332 4407 1441 4470; x_wconf 81' lang='lat' dir='ltr'><strong><em>clerici</em></strong></span> <span class='ocrx_word' id='word_1_510' title='bbox 1470 4416 1501 4476; x_wconf 85' lang='lat' dir='ltr'><strong><em>et</em></strong></span> <span class='ocrx_word' id='word_1_511' title='bbox 1522 4409 1644 4474; x_wconf 83' lang='lat' dir='ltr'><strong><em>fideles.</em></strong></span> 
     </span>
    </p>
   </div>
   <div class='ocr_carea' id='block_1_5' title="bbox 1141 4539 1581 4722">
    <p class='ocr_par' dir='ltr' id='par_1_10' title="bbox 1141 4539 1581 4722">
     <span class='ocr_line' id='line_1_69' title="bbox 1264 4539 1524 4600; baseline -0.012 0"><span class='ocrx_word' id='word_1_512' title='bbox 1264 4541 1375 4600; x_wconf 71' lang='lat' dir='ltr'><strong><em>carot</em></strong></span> <span class='ocrx_word' id='word_1_513' title='bbox 1396 4541 1427 4598; x_wconf 81' lang='lat' dir='ltr'><strong><em>V.</em></strong></span> <span class='ocrx_word' id='word_1_514' title='bbox 1520 4539 1524 4547; x_wconf 86' lang='grc'><em>“</em></span> 
     </span>
     <span class='ocr_line' id='line_1_70' title="bbox 1141 4649 1581 4722; baseline -0.009 -14"><span class='ocrx_word' id='word_1_515' title='bbox 1141 4649 1181 4708; x_wconf 82' lang='lat' dir='ltr'><strong><em>De</em></strong></span> <span class='ocrx_word' id='word_1_516' title='bbox 1197 4649 1300 4706; x_wconf 89' lang='lat' dir='ltr'><strong><em>delictis</em></strong></span> <span class='ocrx_word' id='word_1_517' title='bbox 1327 4659 1420 4706; x_wconf 83' lang='lat' dir='ltr'><strong><em>contra</em></strong></span> <span class='ocrx_word' id='word_1_518' title='bbox 1435 4649 1581 4722; x_wconf 81' lang='lat' dir='ltr'><strong><em>justitiam.</em></strong></span> 
     </span>
    </p>
   </div>
   <div class='ocr_carea' id='block_1_6' title="bbox 969 4760 1757 5247">
    <p class='ocr_par' dir='ltr' id='par_1_11' title="bbox 969 4760 1757 5247">
     <span class='ocr_line' id='line_1_71' title="bbox 1009 4760 1755 4841; baseline 0 -15"><span class='ocrx_word' id='word_1_519' title='bbox 1009 4761 1036 4826; x_wconf 78' lang='lat' dir='ltr'><strong><em>t</em></strong></span> <span class='ocrx_word' id='word_1_520' title='bbox 1062 4760 1268 4837; x_wconf 86' lang='lat' dir='ltr'><strong><em>criminibus,</em></strong></span> <span class='ocrx_word' id='word_1_521' title='bbox 1294 4777 1367 4841; x_wconf 78' lang='lat' dir='ltr'><strong><em>qua</em></strong></span> <span class='ocrx_word' id='word_1_522' title='bbox 1389 4763 1469 4836; x_wconf 84' lang='lat' dir='ltr'><strong><em>Deo,</em></strong></span> <span class='ocrx_word' id='word_1_523' title='bbox 1488 4761 1626 4841; x_wconf 86' lang='lat' dir='ltr'><strong><em>ejusque</em></strong></span> <span class='ocrx_word' id='word_1_524' title='bbox 1640 4761 1755 4839; x_wconf 89' lang='lat' dir='ltr'><strong><em>cultui,</em></strong></span> 
     </span>
     <span class='ocr_line' id='line_1_72' title="bbox 969 4861 1757 4944; baseline -0.003 -15"><span class='ocrx_word' id='word_1_525' title='bbox 969 4871 1095 4929; x_wconf 84' lang='lat' dir='ltr'><strong><em>etverae</em></strong></span> <span class='ocrx_word' id='word_1_526' title='bbox 1110 4862 1259 4944; x_wconf 87' lang='lat' dir='ltr'><strong><em>religioni</em></strong></span> <span class='ocrx_word' id='word_1_527' title='bbox 1284 4861 1467 4926; x_wconf 86' lang='lat' dir='ltr'><strong><em>immediate</em></strong></span> <span class='ocrx_word' id='word_1_528' title='bbox 1494 4863 1640 4944; x_wconf 89' lang='lat' dir='ltr'><strong><em>opposita</em></strong></span> <span class='ocrx_word' id='word_1_529' title='bbox 1668 4873 1757 4942; x_wconf 88' lang='lat' dir='ltr'><strong><em>sunt,</em></strong></span> 
     </span>
     <span class='ocr_line' id='line_1_73' title="bbox 970 4961 1756 5044; baseline -0.004 -16"><span class='ocrx_word' id='word_1_530' title='bbox 970 4963 1181 5028; x_wconf 86' lang='lat' dir='ltr'><strong><em>descenditur</em></strong></span> <span class='ocrx_word' id='word_1_531' title='bbox 1201 4962 1319 5038; x_wconf 84' lang='lat' dir='ltr'><strong><em>edilia,</em></strong></span> <span class='ocrx_word' id='word_1_532' title='bbox 1338 4979 1412 5044; x_wconf 86' lang='lat' dir='ltr'><strong><em>quae</em></strong></span> <span class='ocrx_word' id='word_1_533' title='bbox 1428 4961 1547 5024; x_wconf 77' lang='lat' dir='ltr'><strong><em>indunt</em></strong></span> <span class='ocrx_word' id='word_1_534' title='bbox 1569 4961 1756 5026; x_wconf 84' lang='lat' dir='ltr'><strong><em>charitatem</em></strong></span> 
     </span>
     <span class='ocr_line' id='line_1_74' title="bbox 970 5059 1756 5144; baseline -0.005 -18"><span class='ocrx_word' id='word_1_535' title='bbox 970 5061 1135 5144; x_wconf 85' lang='lat' dir='ltr'><strong><em>proximi:</em></strong></span> <span class='ocrx_word' id='word_1_536' title='bbox 1157 5061 1244 5143; x_wconf 91' lang='lat' dir='ltr'><strong><em>quod</em></strong></span> <span class='ocrx_word' id='word_1_537' title='bbox 1264 5061 1297 5123; x_wconf 93' lang='lat' dir='ltr'><strong><em>in</em></strong></span> <span class='ocrx_word' id='word_1_538' title='bbox 1312 5059 1434 5140; x_wconf 88' lang='lat' dir='ltr'><strong><em>tripiici</em></strong></span> <span class='ocrx_word' id='word_1_539' title='bbox 1456 5059 1614 5122; x_wconf 91' lang='lat' dir='ltr'><strong><em>bonorum</em></strong></span> <span class='ocrx_word' id='word_1_540' title='bbox 1636 5077 1756 5139; x_wconf 79' lang='lat' dir='ltr'><strong><em>genera</em></strong></span> 
     </span>
     <span class='ocr_line' id='line_1_75' title="bbox 972 5160 1757 5247; baseline -0.003 -21"><span class='ocrx_word' id='word_1_541' title='bbox 972 5172 1076 5247; x_wconf 84' lang='lat' dir='ltr'><strong><em>potest</em></strong></span> <span class='ocrx_word' id='word_1_542' title='bbox 1104 5163 1290 5244; x_wconf 83' lang='lat' dir='ltr'><strong><em>contingere</em></strong></span> <span class='ocrx_word' id='word_1_543' title='bbox 1306 5183 1314 5224; x_wconf 80' lang='grc'><strong><em>1</em></strong></span> <span class='ocrx_word' id='word_1_544' title='bbox 1332 5160 1456 5226; x_wconf 86' lang='lat' dir='ltr'><strong><em>seilicet</em></strong></span> <span class='ocrx_word' id='word_1_545' title='bbox 1488 5160 1524 5224; x_wconf 88' lang='lat' dir='ltr'><strong><em>iu</em></strong></span> <span class='ocrx_word' id='word_1_546' title='bbox 1562 5160 1655 5227; x_wconf 87' lang='lat' dir='ltr'><strong><em>bouis</em></strong></span> <span class='ocrx_word' id='word_1_547' title='bbox 1672 5161 1757 5236; x_wconf 84' lang='lat' dir='ltr'><strong><em>vitae,</em></strong></span> 
     </span>
    </p>
   </div>
   <div class='ocr_carea' id='block_1_7' title="bbox 129 5263 1277 5383">
    <p class='ocr_par' dir='ltr' id='par_1_12' title="bbox 129 5263 1277 5383">
     <span class='ocr_line' id='line_1_76' title="bbox 129 5263 1277 5383; baseline -0.008 -19"><span class='ocrx_word' id='word_1_548' title='bbox 129 5301 236 5383; x_wconf 86' lang='lat' dir='ltr'><strong><em>legas,</em></strong></span> <span class='ocrx_word' id='word_1_549' title='bbox 251 5317 309 5365; x_wconf 90' lang='lat' dir='ltr'><strong><em>seu</em></strong></span> <span class='ocrx_word' id='word_1_550' title='bbox 321 5299 514 5364; x_wconf 81' lang='lat' dir='ltr'><strong><em>divinatores</em></strong></span> <span class='ocrx_word' id='word_1_551' title='bbox 534 5305 566 5362; x_wconf 90' lang='lat' dir='ltr'><strong><em>et</em></strong></span> <span class='ocrx_word' id='word_1_552' title='bbox 582 5314 691 5379; x_wconf 74' lang='lat' dir='ltr'><strong><em>magos</em></strong></span> <span class='ocrx_word' id='word_1_553' title='bbox 707 5298 917 5364; x_wconf 89' lang='lat' dir='ltr'><strong><em>ctiamiaicos.</em></strong></span> <span class='ocrx_word' id='word_1_554' title='bbox 969 5267 1062 5366; x_wconf 47' lang='grc' dir='ltr'><strong><em>ΨΜ</em></strong></span> <span class='ocrx_word' id='word_1_555' title='bbox 1077 5277 1109 5329; x_wconf 65' lang='lat'><strong><em>0²</em></strong></span> <span class='ocrx_word' id='word_1_556' title='bbox 1130 5263 1277 5329; x_wconf 52' lang='lat' dir='ltr'><strong><em>swam&amp;-</em></strong></span> 
     </span>
    </p>
   </div>
   <div class='ocr_carea' id='block_1_8' title="bbox 128 5400 1833 5894">
    <p class='ocr_par' dir='ltr' id='par_1_13' title="bbox 128 5400 1792 5596">
     <span class='ocr_line' id='line_1_77' title="bbox 128 5400 1759 5484; baseline -0.006 -18"><span class='ocrx_word' id='word_1_557' title='bbox 128 5407 278 5466; x_wconf 73' lang='lat' dir='ltr'><strong><em>Faunum</em></strong></span> <span class='ocrx_word' id='word_1_558' title='bbox 293 5400 383 5467; x_wconf 85' lang='lat' dir='ltr'><strong><em>verb.</em></strong></span> <span class='ocrx_word' id='word_1_559' title='bbox 397 5401 616 5484; x_wconf 80' lang='lat' dir='ltr'><strong><em>Superstitio.)</em></strong></span> <span class='ocrx_word' id='word_1_560' title='bbox 970 5411 1122 5468; x_wconf 81' lang='lat' dir='ltr'><strong><em>harmeuue</em></strong></span> <span class='ocrx_word' id='word_1_561' title='bbox 1136 5409 1157 5466; x_wconf 87' lang='lat' dir='ltr'><strong><em>i.</em></strong></span> <span class='ocrx_word' id='word_1_562' title='bbox 1171 5407 1253 5476; x_wconf 63' lang='lat' dir='ltr'><strong><em>-Qoe</em></strong></span> <span class='ocrx_word' id='word_1_563' title='bbox 1266 5407 1420 5464; x_wconf 78' lang='lat' dir='ltr'><strong><em>criminibus</em></strong></span> <span class='ocrx_word' id='word_1_564' title='bbox 1434 5413 1526 5462; x_wconf 86' lang='lat' dir='ltr'><strong><em>contra</em></strong></span> <span class='ocrx_word' id='word_1_565' title='bbox 1537 5406 1619 5462; x_wconf 86' lang='lat' dir='ltr'><strong><em>citam</em></strong></span> <span class='ocrx_word' id='word_1_566' title='bbox 1629 5401 1759 5476; x_wconf 69' lang='lat' dir='ltr'><strong><em>prosim.</em></strong></span> 
     </span>
     <span class='ocr_line' id='line_1_78' title="bbox 171 5503 1792 5596; baseline -0.003 -29"><span class='ocrx_word' id='word_1_567' title='bbox 171 5504 229 5567; x_wconf 84' lang='lat' dir='ltr'><strong><em>tv.</em></strong></span> <span class='ocrx_word' id='word_1_568' title='bbox 260 5503 320 5566; x_wconf 84' lang='lat' dir='ltr'><strong><em>Hic</em></strong></span> <span class='ocrx_word' id='word_1_569' title='bbox 353 5503 558 5568; x_wconf 88' lang='lat' dir='ltr'><strong><em>memoranda</em></strong></span> <span class='ocrx_word' id='word_1_570' title='bbox 596 5503 725 5569; x_wconf 88' lang='lat' dir='ltr'><strong><em>videtur</em></strong></span> <span class='ocrx_word' id='word_1_571' title='bbox 755 5505 920 5586; x_wconf 81' lang='lat' dir='ltr'><strong><em>encyclica</em></strong></span> <span class='ocrx_word' id='word_1_572' title='bbox 971 5511 1261 5590; x_wconf 68' lang='grc'><strong>5-1-11111111111111</strong></span> <span class='ocrx_word' id='word_1_573' title='bbox 1277 5511 1415 5596; x_wconf 64' lang='grc'><strong>11111111).</strong></span> <span class='ocrx_word' id='word_1_574' title='bbox 1434 5507 1761 5594; x_wconf 55' lang='lat' dir='ltr'><strong><em>possessiouem</em></strong></span> <span class='ocrx_word' id='word_1_575' title='bbox 1789 5513 1792 5518; x_wconf 85' lang='lat'>·</span> 
     </span>
    </p>

    <p class='ocr_par' dir='ltr' id='par_1_14' title="bbox 130 5579 1528 5686">
     <span class='ocr_line' id='line_1_79' title="bbox 130 5579 1528 5686; baseline -0.002 -18"><span class='ocrx_word' id='word_1_576' title='bbox 130 5621 230 5686; x_wconf 85' lang='lat' dir='ltr'><strong><em>quam</em></strong></span> <span class='ocrx_word' id='word_1_577' title='bbox 253 5619 332 5667; x_wconf 89' lang='lat' dir='ltr'><strong><em>sacr.</em></strong></span> <span class='ocrx_word' id='word_1_578' title='bbox 357 5605 466 5682; x_wconf 86' lang='lat' dir='ltr'><strong><em>congr.</em></strong></span> <span class='ocrx_word' id='word_1_579' title='bbox 494 5604 722 5686; x_wconf 84' lang='lat' dir='ltr'><strong><em>inquisitionis</em></strong></span> <span class='ocrx_word' id='word_1_580' title='bbox 748 5605 788 5670; x_wconf 88' lang='lat' dir='ltr'><strong><em>ad</em></strong></span> <span class='ocrx_word' id='word_1_581' title='bbox 806 5621 919 5672; x_wconf 88' lang='lat' dir='ltr'><strong><em>omnes</em></strong></span> <span class='ocrx_word' id='word_1_582' title='bbox 1174 5585 1225 5666; x_wconf 63' lang='lat'><strong><em>&#39;¹³92</em></strong></span> <span class='ocrx_word' id='word_1_583' title='bbox 1240 5601 1290 5662; x_wconf 68' lang='grc'><strong>,111</strong></span> <span class='ocrx_word' id='word_1_584' title='bbox 1304 5583 1374 5652; x_wconf 66' lang='lat' dir='ltr'><em>fi¹³⁰⁸</em></span> <span class='ocrx_word' id='word_1_585' title='bbox 1388 5579 1528 5654; x_wconf 79' lang='lat' dir='ltr'><strong><em>cantune.)</em></strong></span> 
     </span>
    </p>

    <p class='ocr_par' dir='ltr' id='par_1_15' title="bbox 132 5692 1833 5796">
     <span class='ocr_line' id='line_1_80' title="bbox 132 5692 1833 5796; baseline -0.008 -30"><span class='ocrx_word' id='word_1_586' title='bbox 132 5707 306 5796; x_wconf 64' lang='lat' dir='ltr'><strong><em>epriscopos</em></strong></span> <span class='ocrx_word' id='word_1_587' title='bbox 336 5703 469 5778; x_wconf 85' lang='lat' dir='ltr'><strong><em>direxit,</em></strong></span> <span class='ocrx_word' id='word_1_588' title='bbox 482 5717 534 5766; x_wconf 89' lang='lat' dir='ltr'><strong><em>an.</em></strong></span> <span class='ocrx_word' id='word_1_589' title='bbox 551 5703 627 5766; x_wconf 82' lang='grc'><strong>1866</strong></span> <span class='ocrx_word' id='word_1_590' title='bbox 657 5709 766 5768; x_wconf 91' lang='lat' dir='ltr'><strong><em>contra</em></strong></span> <span class='ocrx_word' id='word_1_591' title='bbox 789 5720 920 5785; x_wconf 88' lang='lat' dir='ltr'><strong><em>magne·</em></strong></span> <span class='ocrx_word' id='word_1_592' title='bbox 989 5765 993 5772; x_wconf 82' lang='grc'><strong>,</strong></span> <span class='ocrx_word' id='word_1_593' title='bbox 1018 5703 1044 5762; x_wconf 95' lang='grc'><strong><em>1.</em></strong></span> <span class='ocrx_word' id='word_1_594' title='bbox 1071 5701 1117 5780; x_wconf 83' lang='lat' dir='ltr'><strong><em>Ex</em></strong></span> <span class='ocrx_word' id='word_1_595' title='bbox 1134 5697 1176 5760; x_wconf 93' lang='lat' dir='ltr'><strong><em>iis</em></strong></span> <span class='ocrx_word' id='word_1_596' title='bbox 1201 5695 1405 5772; x_wconf 69' lang='lat' dir='ltr'><strong><em>«criminibus,</em></strong></span> <span class='ocrx_word' id='word_1_597' title='bbox 1434 5693 1553 5775; x_wconf 89' lang='lat' dir='ltr'><strong><em>quibus</em></strong></span> <span class='ocrx_word' id='word_1_598' title='bbox 1570 5693 1632 5756; x_wconf 89' lang='lat' dir='ltr'><strong><em>vita</em></strong></span> <span class='ocrx_word' id='word_1_599' title='bbox 1646 5692 1759 5773; x_wconf 80' lang='lat' dir='ltr'><strong><em>proxi·</em></strong></span> <span class='ocrx_word' id='word_1_600' title='bbox 1813 5703 1833 5772; x_wconf 69' lang='lat' dir='ltr'><em>s</em></span> 
     </span>
    </p>

    <p class='ocr_par' dir='ltr' id='par_1_16' title="bbox 132 5795 1760 5894">
     <span class='ocr_line' id='line_1_81' title="bbox 132 5795 1760 5894; baseline -0.005 -25"><span class='ocrx_word' id='word_1_601' title='bbox 132 5805 224 5882; x_wconf 82' lang='lat' dir='ltr'><strong><em>tismi</em></strong></span> <span class='ocrx_word' id='word_1_602' title='bbox 248 5803 380 5867; x_wconf 88' lang='lat' dir='ltr'><strong><em>abusus.</em></strong></span> <span class='ocrx_word' id='word_1_603' title='bbox 398 5802 432 5864; x_wconf 90' lang='lat' dir='ltr'><strong><em>lu</em></strong></span> <span class='ocrx_word' id='word_1_604' title='bbox 448 5801 509 5866; x_wconf 88' lang='lat' dir='ltr'><strong><em>ista</em></strong></span> <span class='ocrx_word' id='word_1_605' title='bbox 535 5805 677 5886; x_wconf 82' lang='lat' dir='ltr'><strong><em>eucyiica</em></strong></span> <span class='ocrx_word' id='word_1_606' title='bbox 698 5822 777 5869; x_wconf 87' lang='lat' dir='ltr'><strong><em>sacr.</em></strong></span> <span class='ocrx_word' id='word_1_607' title='bbox 810 5821 918 5894; x_wconf 83' lang='lat' dir='ltr'><strong><em>congr.</em></strong></span> <span class='ocrx_word' id='word_1_608' title='bbox 976 5807 1019 5884; x_wconf 88' lang='lat' dir='ltr'><strong><em>mi</em></strong></span> <span class='ocrx_word' id='word_1_609' title='bbox 1038 5803 1163 5872; x_wconf 82' lang='lat' dir='ltr'><strong><em>laeditur</em></strong></span> <span class='ocrx_word' id='word_1_610' title='bbox 1190 5800 1418 5883; x_wconf 86' lang='lat' dir='ltr'><strong><em>gravissimum</em></strong></span> <span class='ocrx_word' id='word_1_611' title='bbox 1452 5797 1545 5864; x_wconf 83' lang='lat' dir='ltr'><strong><em>facile</em></strong></span> <span class='ocrx_word' id='word_1_612' title='bbox 1561 5805 1608 5862; x_wconf 86' lang='lat' dir='ltr'><strong><em>est</em></strong></span> <span class='ocrx_word' id='word_1_613' title='bbox 1622 5795 1760 5878; x_wconf 78' lang='lat' dir='ltr'><strong><em>paarioi·</em></strong></span> 
     </span>
    </p>
   </div>
   <div class='ocr_carea' id='block_1_9' title="bbox 0 0 2066 6448">
    <p class='ocr_par' dir='ltr' id='par_1_17' title="bbox 0 0 2066 6448">
     <span class='ocr_line' id='line_1_82' title="bbox 0 0 2066 6448; baseline 0 0"><span class='ocrx_word' id='word_1_614' title='bbox 0 0 2066 6448; x_wconf 95' lang='lat' dir='ltr'><strong><em> </em></strong></span> 
     </span>
    </p>
   </div>
  </div>
 </body>
</html>
