4042 6458
140 365 190 427 ns
402 410 406 418 .
438 368 535 440 rans
554 367 612 446 ιιι.
637 367 687 436 aa
707 368 903 432 sansonis.
924 390 960 408 —·
978 371 1052 433 ata.
1074 371 1126 437 tx.
1149 371 1199 436 aa
1216 331 1353 451 astaus,
1373 372 1455 436 arc.
1701 373 1757 443 uo

138 504 181 546 n.
200 483 296 544 tna?
324 473 588 563 inproperatur
613 483 788 564 stipatim
811 481 921 548 dicit?
977 495 1099 550 tantum
1137 486 1319 552 habuerunt
1357 489 1479 568 absque
1521 485 1595 568 jure
1651 483 1760 568 sitque

140 586 369 664 Namproptsr.
394 601 452 646 aas
482 584 605 662 scripta
646 594 747 646 suat:
773 585 922 665 quostiam
976 586 1155 666 simplicem
1179 603 1275 652 usum
1301 585 1421 650 iacti.»
1728 565 1734 588 ’

138 684 276 754 mittin
291 701 356 762 sps,
375 683 431 763 qui
445 691 527 754 arat,
547 700 667 744 arara:
710 692 741 745 tt
771 684 826 764 qni
855 685 917 746 tri·
1012 683 1044 746 i.
1073 687 1250 766 Dionysius
1272 686 1441 752 Saulacbat
1468 689 1486 752 ti
1519 685 1762 754 Fraiicellornm

138 791 236 857 terat,
266 785 301 846 in
331 799 386 862 sps
414 785 542 863 [ramus
565 783 779 863 percipiendi.
811 785 847 848 Si
863 802 921 846 aar
976 783 1317 850 sectadocabat=1·a
1343 785 1415 866 iege
1444 787 1563 850 amoris
1597 787 1667 850 tolli
1693 805 1762 852 om·

135 884 224 946 cadis
238 881 425 962 spiritualia
452 883 682 956 seminavimus,
708 901 855 965 mapsam
876 893 924 947 est
976 902 1049 948 nem
1062 887 1286 966 proprietatem
1304 892 1335 948 et
1347 901 1442 949 omne
1457 887 1637 950 dominium
1652 889 1700 960 32·
1712 889 1766 954 ab·

135 985 164 1045 si
190 998 249 1044 aas
278 978 422 1042 carnalia
437 990 543 1042 eastra
556 989 706 1040 metamus
721 983 736 1042 i
816 980 924 1042 Nasci·
976 988 1168 1050 dicationem
1182 987 1338 1050 actualem
1354 994 1386 1049 et
1407 1003 1447 1050 ex
1464 989 1559 1052 cortle
1589 989 1764 1052 voluntatis

136 1084 177 1144 tis
221 1083 369 1162 qnoniam
413 1081 467 1160 qui
497 1081 534 1142 in
562 1083 706 1143 samario
735 1089 920 1160 operantur,
977 1092 1007 1148 et
1034 1087 1198 1166 potestatis
1231 1088 1430 1166 temporalis,
1458 1089 1596 1152 dominii
1629 1089 1680 1154 vei
1708 1107 1764 1154 au·

134 1201 201 1263 qua
231 1181 269 1242 tls
299 1182 544 1250 sacrariorum,
570 1177 923 1259 eduatzetqatattari
977 1186 1130 1250 ctoritatis
1155 1187 1307 1252 denotare
1330 1194 1361 1250 et
1404 1191 1599 1252 constituere
1646 1198 1765 1270 statum

134 1282 330 1352 deserviunt.
362 1299 433 1342 cnm
465 1279 564 1343 altari
588 1281 786 1361 participant
814 1283 828 1343 i
870 1282 924 1344 Ito
979 1287 1282 1367 perfectissimum
1313 1287 1610 1370 3‘qtt0dCbtisltts
1635 1307 1767 1364 notite·¹

133 1380 463 1446 baminurardiaaait
491 1381 533 1444 iis
560 1380 834 1466 quiliuanpslinm
861 1397 921 1442 aa·
976 1389 1174 1452 nuntiaverit
1204 1389 1469 1472 possessionibus
1507 1399 1539 1454 et
1572 1390 1703 1472 juribus
1729 1391 1765 1458 in

132 1484 298 1559 nuntiant,
328 1481 365 1542 tis
401 1481 576 1561 Eaanpslio
604 1482 718 1544 aiesrs.
763 1483 843 1544 Ecca
869 1481 923 1562 jus
976 1488 1074 1551 rebus
1105 1489 1348 1574 temporalibus,
1375 1487 1437 1552 boa
1478 1505 1548 1552 oon
1590 1488 1694 1555 videri
1727 1489 1772 1558 in.

132 1583 295 1658 divinum,
320 1582 407 1662 quod
433 1587 482 1644 est
510 1579 729 1646 manifestum.
767 1583 850 1658 Ergo
880 1598 920 1644 ax
976 1589 1163 1670 Evangelio,
1207 1583 1531 1670 contrariumpotius
1557 1590 1676 1662 videri.
1706 1591 1766 1654 Ur·

133 1683 300 1763 Scripinrn
316 1681 459 1745 Ecclesia
480 1681 674 1758 inanitatem,
704 1681 784 1761 quin
810 1689 841 1744 et
868 1680 923 1762 J‘ns

134 1794 204 1845 tum
229 1783 374 1846 naturaie
403 1789 472 1846 tum
509 1783 658 1844 divinum
690 1782 787 1845 babet
807 1781 921 1862 acqui·

133 1882 228 1944 rendi
273 1889 305 1944 et
348 1881 543 1961 possidendi
589 1882 673 1946 bona
722 1881 922 1961 temporalia.

130 1983 228 2057 Quod
252 1981 463 2046 demonstrari
494 1988 602 2060 posset
618 1980 729 2044 multis
751 1982 825 2044 aliis
850 1989 921 2044 tex·

131 2083 222 2144 tibus
248 2083 317 2145 siva
352 2081 444 2158 Novi,
461 2082 530 2144 sive
548 2082 676 2144 Veteris
695 2081 910 2168 Testamenti.-

139 2211 143 2218 ·
172 2184 215 2246 li.
243 2182 340 2246 Prai.
380 2183 499 2246 sanctis
532 2179 703 2256 Patribus,
726 2180 783 2262 qui
811 2197 924 2254 omnes

132 2285 307 2348 unanimes
337 2291 413 2346 sunt
445 2283 484 2346 ad
508 2282 564 2364 jus
588 2283 739 2346 Ecclesia
758 2299 810 2361 res
838 2291 922 2370 tem·

131 2384 260 2466 pordes
301 2383 491 2464 possidendi
527 2382 808 2468 propugnandum.
851 2382 923 2469 Sub

130 2487 217 2547 ticini
248 2483 408 2548 adducere
443 2484 544 2546 saneti
587 2485 722 2546 Hieron.
746 2484 844 2564 epist.
881 2486 927 2570 ad

129 2587 305 2666 Nepesina.
345 2607 360 2644 a
405 2585 506 2652 Pudet
543 2584 650 2660 dicero
681 2606 690 2651 t
736 2586 921 2668 Sacerdotes

129 2687 309 2760 idolorum,
339 2685 441 2759 mimi,
463 2693 494 2748 et
522 2686 654 2769 auriga,
683 2693 715 2747 et
733 2693 836 2764 sceatta
859 2685 922 2750 hae·

130 2787 284 2850 reditaies
311 2787 485 2866 accipiunt,
509 2784 728 2862 soiisciericis
749 2794 781 2849 et
811 2803 922 2850 mona·

129 2883 202 2944 chis
226 2881 288 2945 boc
319 2881 389 2962 iege
413 2881 600 2961 prohibetur
621 2903 629 2944 ι
654 2890 686 2960 et
713 2899 779 2946 non
808 2884 922 2963 prohi-

132 2983 230 3046 betur
268 2997 285 3044 a
324 2981 603 3066 persecutoribus
629 2984 722 3046 setin
766 2984 923 3066 principi·

130 3083 194 3144 itus
213 3081 403 3145 Christianis
415 3099 500 3170 inec
512 3083 552 3146 de
569 3082 640 3164 lege
652 3100 846 3166 conquaeror,
864 3085 921 3150 ssd

129 3181 230 3244 doleo
245 3199 304 3246 cur
329 3184 545 3271 meruerimus
568 3183 649 3246 hane
664 3185 784 3265 legem.
809 3185 924 3247 Cauta·

132 3282 221 3345 rium
253 3283 373 3370 bonurn
411 3291 472 3360 est,
499 3287 554 3346 sed
578 3285 664 3362 quod
691 3284 772 3348 mihi
801 3285 922 3350 vulnus

132 3381 346 3462 utintiigeam
373 3379 599 3447 cauterioiSit
624 3383 740 3459 hares,
764 3392 821 3446 seo
857 3399 924 3445 ma·

133 3491 184 3544 ter
223 3482 385 3575 tiliorum,
410 3482 445 3545 iti
484 3489 547 3558 est,
587 3481 727 3546 licclasin
750 3483 856 3562 gregis
871 3481 922 3544 sui

132 3599 210 3672 quas
231 3584 306 3664 illqs
337 3584 462 3664 genuit,
475 3581 625 3658 nutrivit,
649 3583 747 3660 pavit.
767 3605 783 3642 s
802 3587 926 3646 Etsnn·

132 3692 209 3756 eius
239 3683 428 3762 Ambrosius
455 3682 561 3758 libr,
594 3683 690 3761 epist.
710 3684 812 3746 312«
842 3683 926 3747 Scri-

133 3785 260 3866 buntur
298 3792 487 3868 tpstamentn
534 3781 741 3861 templorum,
778 3783 839 3848 hoc
877 3793 925 3848 est

134 3885 301 3968 idcinmrn
324 3883 494 3948 ministris.
509 3884 625 3948 Nullus
661 3886 824 3966 excipitur
852 3902 926 3965 pra·

134 3987 246 4061 tbnus,
272 3985 383 4050 nolitis
420 3985 541 4052 ultima
560 3986 768 4063 conditionis,
787 3987 865 4049 solis
884 4005 927 4051 ex

135 4065 292 4168 qmniit'ns
307 4083 433 4150 clericis
447 4086 679 4164 communejus
693 4086 891 4165 prohibetur.
910 4110 926 4146 s

181 4185 236 4248 tit.
262 4184 359 4247 Proh.
380 4185 500 4247 sanctis
516 4184 690 4248 canonibus
732 4197 761 4248 st
790 4195 922 4264 aposto·

138 4284 215 4346 licis
246 4283 539 4347 constitutionibus.
570 4317 609 4332 -
642 4285 808 4348 innumeri
851 4294 928 4350 sunt

137 4383 222 4446 sacri
238 4401 376 4447 canonos
405 4383 462 4464 qui
489 4383 594 4446 afferri
619 4393 753 4462 possent
772 4384 812 4447 de
831 4384 927 4449 bonis

137 4483 369 4546 ecclesiasticis
392 4489 459 4544 turn
475 4483 682 4562 acquirendis
701 4490 768 4545 tum
788 4485 929 4565 acquisi-

137 4583 183 4644 tis
211 4580 440 4644 conservandis
465 4587 496 4642 ει
540 4581 580 4642 ab
623 4580 827 4642 invasoribus
853 4582 927 4644 vin·

139 4681 302 4753 dicandis,
360 4680 606 4756 distribuendis,
651 4680 935 4771 administrandis,

139 4783 274 4844 demum
294 4797 358 4844 nnn
383 4780 576 4857 alienandis,
600 4795 673 4860 qua
689 4779 818 4860 singula
845 4781 923 4847 satis

142 4880 330 4944 successario
350 4879 493 4943 inierunt
530 4880 585 4960 jus
613 4895 649 4942 ea
680 4880 866 4961 acquirendi
898 4885 933 4958 et

141 4979 345 5062 possidendi.
369 4983 476 5056 Quare
503 4978 639 5043 sufficiat
675 4978 729 5041 hic
769 4980 929 5060 adducere

140 5081 339 5161 dogmaticas
366 5079 572 5146 definitiones
605 5079 645 5144 de
673 5077 749 5159 jura
786 5065 931 5160 proprias

141 5180 218 5242 tntis
242 5181 402 5244 Ecclesia.

186 5279 215 5341 t.
239 5281 379 5343 loannes
402 5281 495 5344 xxti
520 5295 556 5344 ιιι
599 5287 763 5361 extravag.
784 5283 862 5360 cam
875 5285 928 5347 in·

143 5389 194 5442 tar
208 5379 418 5452 nonnullaab,
432 5387 463 5442 et
491 5377 573 5455 Quia
602 5379 807 5460 quarumdam
821 5384 853 5458 5,
879 5383 930 5446 tit.

144 5497 213 5556 xiv,
239 5482 282 5542 Da
295 5481 417 5542 verbor.
433 5480 560 5560 ripaeis„
575 5480 737 5542 damnavit
772 5490 808 5545 ut
832 5483 934 5547 iimre-

977 1692 1079 1754 banus
1098 1693 1221 1772 papal'
1235 1707 1318 1754 anno
1336 1691 1414 1757 taos
1428 1689 1590 1774 damnavit
1611 1690 1669 1753 has
1693 1705 1767 1769 pro·

977 1790 1159 1870 positiones
1180 1796 1223 1857 ιιι,
1242 1789 1351 1866 salsas,
1369 1807 1522 1854 erroneas
1540 1796 1572 1853 et
1586 1789 1765 1854 haereticas.

1015 1891 1046 1952 3.
1064 1893 1150 1952 inter
1173 1891 1326 1955 articulos
1340 1892 1380 1954 ii
1404 1890 1539 1954 loannis
1593 1886 1730 1953 wiclefi
1749 1903 1766 1952 a

977 1991 1116 2072 synodo,
1138 1991 1376 2054 constantiensi
1410 1990 1576 2053 damnatos
1594 2005 1676 2052 sess.
1693 2005 1766 2064 ιιιι,

977 2095 1044 2152 tum
1062 2106 1079 2152 a
1097 2089 1235 2153 Martino
1263 2091 1318 2166 V;
1345 2098 1447 2154 const.
1491 2089 1581 2151 inter
1626 2098 1766 2165 cunctat,

976 2185 1134 2250 habentur
1152 2193 1340 2266 sequentes.
1364 2220 1403 2232 —
1419 2187 1468 2248 10.
1487 2185 1636 2248 «Contra
1679 2183 1768 2246 Sari·

976 2293 1101 2366 pturam
1117 2303 1235 2350 sacram
1267 2292 1328 2362 esi,
1355 2285 1443 2366 quod
1460 2284 1521 2346 viri
1554 2279 1767 2347 ecclesiastici

975 2385 1112 2450 babeant
1128 2385 1362 2466 possessiones.
1382 2385 1515 2446 s-ii.
1535 2403 1551 2441 a
1578 2383 1685 2445 Ditare
1703 2381 1768 2444 oie·

975 2505 1047 2554 rum
1061 2494 1111 2550 esi
1125 2492 1233 2550 contra
1251 2484 1393 2564 regulam
1407 2483 1533 2548 Christi.
1542 2483 1650 2547 ι-33,
1664 2504 1680 2540 a
1692 2477 1767 2562 Syi-

975 2597 1085 2650 rester
1107 2603 1186 2665 papa
1204 2594 1236 2648 ct
1252 2584 1482 2648 Constantinus
1510 2581 1687 2662 imperator
1717 2597 1767 2642 er·

975 2691 1086 2752 raruot
1113 2683 1285 2752 Ecclesiam
1314 2681 1465 2744 dotando.
1483 2701 1499 2737 s
1516 2713 1556 2728 -
1583 2679 1633 2742 36.
1651 2679 1773 2756 ιΡιρι,

974 2801 1049 2848 cum
1080 2781 1231 2846 omnibus
1263 2779 1389 2842 clericis
1419 2778 1489 2842 suis
1527 2775 1766 2858 possessionem

975 2884 1166 2951 habentibus
1192 2889 1268 2946 sunt
1279 2879 1431 2954 haretici,
1447 2894 1490 2944 eo,
1515 2876 1603 2959 qaod
1632 2889 1765 2955 posses·

975 2987 1084 3050 sinnas
1101 2985 1229 3056 hahent,
1245 2989 1277 3046 et
1293 2979 1531 3054 consentientes
1561 2977 1620 3056 eis,
1653 2991 1766 3049 omnes

975 3085 1122 3150 videlicet
1138 3081 1260 3148 domini
1288 3081 1473 3156 sotulares,
1489 3085 1521 3142 ct
1537 3075 1767 3141 calaritani.»

975 3217 1015 3238 ι-
1030 3185 1080 3247 39.
1100 3206 1116 3246 ι
1131 3183 1307 3263 Imperator
1321 3184 1352 3244 et
1377 3177 1499 3242 domini
1512 3173 1679 3240 saculares
1692 3179 1768 3237 sunt

976 3283 1102 3349 seducti
1129 3300 1149 3346 n
1174 3282 1314 3356 diaholo,
1343 3287 1380 3344 ut
1405 3277 1578 3343 Ecclesiam
1622 3275 1769 3340 dotarent

975 3385 1069 3450 bonis
1097 3383 1337 3464 temporalibus.
1355 3404 1371 3440 s
1388 3415 1427 3427 -
1440 3379 1523 3442 iia
1556 3375 1767 3456 Augustinus,

977 3483 1182 3559 Benedictus,
1204 3481 1388 3544 Bernartius
1421 3477 1561 3542 damnati
1589 3485 1676 3551 sunt,
1706 3473 1769 3538 nisi

977 3583 1185 3664 pmnituerint
1214 3582 1255 3644 da
1293 3582 1354 3645 hoc
1381 3583 1468 3660 quod
1492 3579 1675 3642 babuerunt
1697 3593 1770 3655 pta·

978 3687 1154 3759 sessiones,
1173 3690 1204 3746 et
1225 3681 1451 3754 instituerunt,
1467 3679 1667 3741 intraverunt
1689 3675 1766 3744 reii-

979 3787 1105 3866 giones,
1136 3783 1229 3848 etsie
1254 3800 1272 3846 a
1303 3797 1382 3863 papa
1399 3781 1438 3844 ud
1466 3778 1620 3858 ultimum
1642 3775 1768 3857 religio·

980 3903 1052 3948 sum
1085 3901 1198 3947 omnes
1227 3890 1303 3946 sunt
1334 3877 1616 3962 hermisindae
1642 3876 1769 3960 ungula

980 3987 1068 4050 vaiut
1089 3984 1249 4058 haeretica,
1264 3989 1296 4046 et
1320 3981 1353 4044 in
1369 3981 1430 4045 ilde
1448 3995 1622 4058 citinella
1644 3975 1770 4058 synodo

982 4083 1378 4150 constantiensidamnata
1394 4086 1481 4151 sunt,
1508 4093 1604 4158 quum
1635 4077 1768 4140 damna·

980 4184 1100 4246 tionem
1129 4181 1314 4262 approbavit
1330 4178 1446 4254 deinde
1459 4177 1615 4241 Martinus
1627 4178 1667 4251 ll,
1682 4173 1770 4240 unda

982 4290 1030 4345 est
1044 4281 1185 4361 apprime
1212 4279 1382 4364 dedititium
1393 4277 1568 4354 sententia,
1588 4283 1619 4338 ot
1637 4274 1771 4340 univor-

982 4379 1058 4442 saiis
1084 4377 1236 4454 Ecclesia
1262 4378 1432 4462 judicium.
1467 4379 1550 4454 Ergo
1578 4374 1695 4450 deiide
1721 4381 1770 4450 est

982 4477 1161 4550 Ecclesiam,
1192 4476 1328 4557 dejure
1359 4473 1769 4557 naturaiiet,divino‚posse

983 4577 1069 4646 bona
1082 4577 1270 4658 temporalia
1283 4577 1459 4657 possidere.

1021 4679 1187 4746 Probatur..
1229 4679 1371 4744 secunda
1424 4695 1497 4760 pars
1531 4675 1770 4758 pnoposiiionis,

983 4780 1115 4852 scilicet,
1145 4775 1286 4842 Ecclesia
1297 4787 1397 4858 prout
1420 4788 1466 4850 est
1490 4781 1624 4841 societas
1647 4777 1772 4840 divino·

983 4881 1128 4962 hnmana,
1145 4877 1425 4962 bonqltcmpornlt'a
1449 4877 1601 4960 possidet.
1618 4877 1770 4951 Societas,

984 5001 1187 5066 quacunque
1226 4983 1356 5046 demum
1404 4983 1456 5055 sit,
1489 4982 1543 5062 jus
1582 4981 1676 5044 habel
1704 4986 1772 5042 tum

983 5084 1180 5168 acquirendi,
1199 5091 1266 5146 tum
1284 5079 1468 5162 possidendi
1483 5077 1773 5159 bortatcmporaiin.

984 5189 1062 5264 Cum
1075 5185 1181 5265 itaqua
1196 5184 1340 5250 Christus
1356 5181 1524 5246 Ecclesiam
1538 5181 1575 5244 ad
1589 5181 1689 5243 instar
1703 5195 1772 5244 cor-

984 5287 1071 5368 poris
1085 5285 1214 5348 morniis
1227 5282 1376 5356 instituit,
1388 5282 1442 5363 jus
1453 5280 1636 5360 acquirendi
1648 5285 1770 5360 etpos-

985 5385 1111 5449 sidendi
1132 5386 1217 5448 hona
1234 5383 1337 5446 eidem
1352 5381 1472 5457 tribuit,
1494 5381 1541 5444 uti
1560 5379 1672 5448 madiis
1695 5385 1772 5444 tem·

985 5485 1148 5566 poralibus
1173 5483 1358 5548 cuttuslieo
1377 5482 1505 5546 debitus
1522 5479 1778 5562 persolveretur,

145 5583 242 5646 ticam
271 5581 524 5662 propositionem
539 5581 580 5644 de
602 5589 787 5661 paupertate
815 5565 933 5648 Christi
987 5585 1154 5651 atministri
1172 5584 1281 5649 adhoc
1298 5583 1441 5666 deputati
1458 5579 1773 5656 ministeriumnnda

145 5690 178 5744 et
192 5683 411 5761 apostolorum
439 5681 537 5765 hujus
580 5682 753 5747 tenorisss
786 5684 931 5750 Christus
986 5686 1131 5750 viverent
1169 5685 1333 5750 haberent.
1364 5687 1445 5750 Sane
1473 5681 1590 5746 Christi
1624 5677 1773 5759 exemplo

146 5792 178 5846 et
191 5782 342 5864 apostoli,
364 5781 397 5848 in
416 5783 458 5848 iis
479 5800 551 5864 qaae
590 5785 742 5852 habuisse
762 5785 928 5870 leguntur,
990 5788 1103 5868 (Marc.
1120 5806 1163 5867 ιι,
1181 5789 1239 5867 ³73
1257 5789 1318 5852 inc
1335 5805 1381 5874 u,
1400 5785 1449 5860 ¹³3
1463 5785 1554 5855 tran.
1575 5802 1619 5861 vt,
1634 5783 1678 5866 a),
1694 5797 1770 5846 nec·
