4042 6458
80 389 134 456 tet
383 386 481 449 PARS
499 383 559 447 111.
578 383 628 446 DE
643 383 841 446 sansonis
861 407 897 424 ··
910 381 986 446 tiu.
1005 381 1123 444 1me
1146 379 1281 456 infidis,
1301 381 1384 444 ETG.
1655 381 1710 450 ⁴58

77 510 109 564 ei
136 495 397 562 convenientiam
422 509 637 575 propugnare,
667 497 761 572 prout
775 490 869 554 multi
962 488 1024 552 llic
1040 505 1106 552 non
1119 489 1227 570 agitur
1241 489 1281 550 de
1299 493 1453 568 potestate
1468 490 1586 554 summi
1603 495 1712 571 pomi-

78 598 231 680 prreciere
254 594 413 670 iecerunt,
444 593 665 662 intendimus:
694 591 869 654 sedetiam
923 589 991 652 licis
1020 588 1089 653 siue
1119 589 1240 652 directa
1264 591 1333 652 sire
1363 588 1519 654 indirecta
1547 591 1581 654 iu
1615 593 1711 658 rebus

76 699 177 782 huius
192 697 300 762 ciuilis
317 704 349 759 et
370 694 555 773 temporalis
572 690 770 774 principatus
786 690 872 754 sicut
922 706 1010 754 mere
1029 690 1171 770 politicis
1187 698 1219 753 ei
1243 691 1276 754 in
1292 691 1521 771 temporalibus
1538 709 1711 774 regnorum

77 805 111 858 et
126 794 266 859 dominii
285 793 414 886 proprie
427 793 504 856 dicti
519 809 618 871 super
638 791 721 854 liena
745 798 869 868 tempu·
922 798 955 870 et
970 790 1150 874 nationum.
1169 793 1221 872 'De
1240 790 1298 855 hac
1316 793 1403 857 anim
1428 793 1608 874 qrrmstione
1633 795 1713 859 satis

78 891 678 968 retiacertestrsttmtundamentunpn
691 890 767 972 jure
784 888 872 952 diui·
924 889 957 952 iu
973 889 1129 953 suislocis
1144 889 1264 952 dicium
1279 890 1351 952 luit.

78 989 870 1072 noimmediatepositumdemonstrarelrabemus
962 977 1016 1052 tv.
1040 990 1208 1052 Summum
1227 991 1407 1068 pontitieem
1431 979 1506 1072 jure
1530 995 1625 1056 etiam
1644 993 1709 1056 hu·

117 1097 178 1160 ΙΙΙ.
193 1078 329 1160 Plurimi
341 1101 487 1158 auctores
499 1092 655 1156 allirmant
669 1090 768 1154 tetius
784 1088 872 1154 orbis
924 1087 1157 1152 moechabere
1180 1089 1362 1152 dominium
1390 1093 1564 1171 temperate
1597 1100 1714 1172 negant

78 1196 300 1278 principatum
323 1193 531 1274 temporalem
555 1201 586 1256 et
602 1191 784 1256 dominium
800 1206 874 1272 prc-
925 1186 1083 1262 haereticir
1108 1188 1303 1284 praesertim,
1329 1189 1498 1262 Calvinus,
1523 1191 1713 1264 Brentzius‚

79 1292 228 1376 prietatis
248 1293 360 1356 divino
371 1292 445 1373 jure
458 1300 638 1372 competere
651 1305 779 1354 summo
794 1305 874 1369 pen·
925 1285 1038 1377 Peiros
1052 1283 1183 1368 martyr,
1198 1297 1229 1350 et
1240 1287 1458 1368 magdeburg„
1475 1289 1530 1369 qui
1550 1291 1610 1352 tria
1627 1305 1715 1353 asse·

78 1393 274 1470 tilici.Qued
287 1394 599 1474 certoaliquesensu
612 1389 743 1480 delendi
756 1397 873 1470 potest,
927 1394 1014 1451 runt.
1035 1388 1155 1464 Primo,
1173 1388 1354 1468 pontificem
1370 1389 1443 1470 jure
1459 1389 1570 1453 diiiuo
1593 1391 1714 1454 nuliam

79 1511 142 1556 nec
168 1501 276 1556 tumen
302 1492 342 1556 ab
373 1474 515 1556 Ecclesia
535 1491 704 1556 delinitum
728 1496 789 1554 est.
806 1488 872 1552 tllii
925 1481 1043 1550 habere
1056 1488 1263 1568 temporalem
1274 1477 1638 1568 potestatemsmundc,
1656 1479 1715 1556 nec

79 1601 201 1673 negant
217 1579 411 1672 pontiticemr
427 1601 587 1673 quatenus
603 1591 721 1657 Christi
734 1590 873 1655 vicarius
926 1603 1022 1668 posse
1036 1587 1209 1652 ullomodo
1224 1590 1383 1669 imperare
1401 1592 1603 1672 principibus
1616 1611 1717 1656 sancu-

80 1700 142 1769 est,
153 1693 275 1758 directe
288 1692 405 1757 habere
418 1692 523 1758 ulium
547 1692 729 1757 dominium
747 1701 873 1774 tempo·
926 1685 1071 1764 laribus,
1093 1701 1200 1770 neque
1224 1691 1357 1769 regnis;
1387 1699 1419 1754 et
1448 1691 1631 1772 priircipam
1660 1710 1716 1755 cos

80 1792 233 1875 ratejure
250 1793 363 1858 divine
377 1816 387 1869 e
403 1794 552 1875 quamvis
567 1794 681 1858 habeat
703 1793 873 1856 indirecte.
926 1787 1067 1868 privare,
1083 1789 1145 1851 etsi
1158 1789 1208 1851 illi
1229 1791 1349 1870 privari
1371 1793 1495 1872 alioqui
1522 1804 1716 1856 mereantur.

80 1895 162 1958 Dure
194 1895 265 1958 iste
304 1895 536 1960 catholicorum
566 1895 735 1958 sententies
770 1893 803 1958 in
836 1909 876 1956 eo
928 1890 1140 1962 scertamen
1156 1891 1289 1956 licuisse
1308 1891 1466 1973 pontiflci,
1482 1903 1537 1958 aut
1557 1895 1630 1958 eliis
1644 1897 1718 1972 epi-

79 1996 278 2058 coricerdant
321 1995 408 2075 qued
453 1995 612 2059 ailrrment
654 1994 780 2075 aliquid
818 1991 877 2057 do·
927 1989 1035 2068 scopis
1058 1991 1203 2070 accipere
1224 1995 1400 2074 temporale
1423 1994 1718 2075 dominium‚quod

81 2095 224 2158 minium
258 2095 434 2175 temporale
479 2096 550 2160 siue
583 2093 766 2170 directum,
805 2093 875 2157 sive
928 2086 1716 2171 nuneheuetinquasmmurbesetprovincias,

81 2195 280 2258 indireptum
311 2195 386 2276 jum
414 2195 527 2258 devino
570 2194 712 2276 pontifici
748 2211 879 2272 compe.
928 2186 1112 2262 siredonor
1132 2191 1202 2253 sire
1222 2192 1447 2272 usurpatione.
1471 2192 1718 2256 Eoshoretico·

81 2302 165 2358 iere.
189 2297 238 2358 Ad
262 2294 414 2376 majorem
440 2301 546 2358 autem
568 2293 772 2356 concordiam
794 2291 878 2355 inter
928 2303 1000 2348 rum
1016 2301 1142 2352 errores
1160 2290 1436 2370 impugnabimus.

80 2393 259 2459 catholicus
271 2395 418 2458 doctores
434 2402 465 2457 et
479 2395 657 2458 inveritate
673 2394 878 2473 distinguens
969 2389 1029 2452 Eis
1047 2391 1242 2468 praenotatis,
1259 2391 1425 2453 veritatem
1452 2389 1639 2454 catholicam
1659 2391 1715 2455 de·

81 2497 162 2556 dum
178 2499 228 2558 est
243 2494 381 2570 dominii
403 2501 434 2558 et
453 2494 650 2574 principatus
664 2493 720 2573 jus
735 2493 774 2556 ab
792 2502 877 2560 actm
931 2475 1107 2553 moustr‘a're
1123 2489 1289 2553 habemus.

83 2595 213 2659 Etenim
238 2594 384 2676 pomifer
417 2596 452 2658 in
472 2595 564 2658 beatu
578 2598 672 2659 Petro
687 2602 877 2676 potestatem
1190 2623 1345 2664 enemente
1365 2625 1456 2666 rerum

84 2694 227 2758 deminii
245 2695 430 2774 temporalis
453 2701 487 2756 et
509 2697 605 2758 etiam
630 2694 738 2758 civilis
758 2692 880 2774 princi·
964 2711 1091 2768 christus
1108 2711 1167 2768 lter
1183 2727 1276 2779 rerum
1295 2715 1445 2770 aeternare
1465 2713 1720 2788 semetipsohabutr

85 2802 182 2872 patus
208 2794 344 2872 abipso
371 2794 500 2856 Christo
530 2792 715 2856 immediate
745 2793 879 2872 aceepit,
931 2813 959 2860 et
971 2803 1053 2860 hallei
1067 2813 1197 2860 eternam
1216 2815 1414 2878 ecedpremem
1428 2815 1593 2879 potestatem
1606 2811 1719 2881 regendi

85 2892 234 2956 Christus
250 2901 356 2957 aulem
371 2893 502 2973 precise
518 2909 583 2957 nou
604 2892 828 2956 determinavit
846 2891 880 2956 in
931 2896 1012 2952 ettam
1026 2897 1212 2969 temperaliter
1221 2907 1249 2954 et
1261 2899 1377 2956 civiliter
1386 2899 1534 2957 Ecclesinn
1545 2917 1634 2958 suam.
1646 2901 1721 2973 (darc

86 3010 161 3074 quta
177 2993 350 3070 territoria,
367 2993 401 3056 in
417 3010 500 3076 ques
513 3010 617 3076 agros,
641 2994 759 3074 inque
779 2992 880 3072 parti·
932 2987 1064 3044 renatum
1076 2998 1115 3055 eti
1130 2989 1163 3044 ee
1176 2989 1250 3060 ttae.)

84 3094 211 3158 cularia
227 3094 351 3177 objecta
370 3095 552 3160 dominium
579 3087 710 3158 biberet
724 3093 878 3170 Ecclesia,
971 3099 1125 3162 Probatur
1144 3099 1307 3177 Scriptura
1323 3115 1421 3162 sacru.
1436 3129 1475 3146 -
1491 3088 1517 3162 l.
1536 3097 1635 3164 Veter.
1658 3102 1718 3164 Te-

84 3213 147 3260 nec
160 3198 195 3259 in
210 3197 331 3277 quibus
347 3196 501 3277 subjectis
520 3194 708 3259 hominibus
723 3194 880 3258 directum
931 3210 1022 3265 siam.
1042 3203 1164 3264 Omnes
1193 3202 1357 3281 prophete
1388 3202 1539 3265 Messium
1568 3211 1719 3284 tanquam

84 3296 305 3375 principatum
317 3295 446 3358 civitem
458 3302 489 3358 et
501 3294 707 3373 temporalem
719 3300 882 3360 exerceret
933 3303 1040 3382 regem
1055 3301 1296 3365 nuntiaverunt.
1313 3301 1451 3365 Sufficiat
1466 3303 1626 3366 adducere
1645 3321 1721 3382 prc-

84 3404 198 3460 scucta
221 3394 329 3458 sedes.
353 3395 443 3458 lianc
463 3393 663 3474 obiectorum
690 3391 828 3456 dominii
850 3399 882 3454 et
935 3399 1059 3478 phetam
1086 3418 1193 3479 regem
1221 3402 1333 3463 ltevld.
1357 3402 1408 3464 Sic
1429 3403 1564 3466 habetur
1582 3403 1617 3466 in
1638 3395 1720 3467 isal.

85 3495 309 3575 subiectorum
346 3494 546 3575 principatus
577 3493 881 3558 determinationem
933 3515 968 3572 n,
987 3501 1006 3560 d
1022 3507 1051 3561 et
1066 3515 1136 3578 serp
1154 3499 1244 3577 :Epo
1260 3505 1362 3559 uuttm
1377 3501 1647 3564 constituentium
1662 3516 1722 3566 rec

86 3595 334 3660 conditionibus
363 3603 395 3658 et
421 3594 537 3658 mediis
563 3594 651 3676 juris
676 3592 829 3657 naturalis
850 3599 882 3656 et
932 3595 970 3659 cd
986 3615 1020 3658 ee
1034 3597 1216 3676 superstes
1229 3606 1362 3658 montem
1378 3606 1518 3658 sanctum
1534 3603 1601 3681 ejus
1617 3601 1721 3681 (idest

86 3693 226 3758 humani
249 3695 383 3775 reliquit
404 3695 563 3770 Christus,
589 3694 702 3757 eodem
729 3698 826 3756 medo
847 3710 883 3755 ac
932 3696 1140 3772 aeclesiam).
1156 3694 1331 3776 praedicam
1353 3708 1543 3778 preceptum
1563 3700 1640 3780 ejus.
1658 3701 1721 3761 Du·

88 3795 251 3858 licmiuus
272 3796 365 3858 Petro
386 3801 418 3858 et
439 3794 511 3876 ejus
533 3792 776 3856 successoribus
793 3792 883 3855 dedit
933 3796 1035 3857 minue
1058 3795 1144 3858 dixit
1162 3795 1203 3858 ad
1222 3815 1296 3860 me:
1317 3796 1422 3860 Filius
1440 3809 1524 3860 meet
1547 3812 1578 3860 er
1598 3813 1644 3874 m,
1666 3813 1720 3879 epu

87 3894 294 3976 spiritualem
306 3901 494 3974 potestatem
509 3893 542 3956 in
557 3894 880 3966 universumurlrem
933 3892 1025 3957 lrodie
1050 3896 1145 3975 penui
1170 3905 1209 3957 tc.
1230 3895 1364 3959 Postula
1381 3917 1402 3958 u
1427 3916 1491 3972 met
1513 3907 1543 3960 et
1562 3899 1641 3962 debe
1663 3901 1723 3964 etit

88 3994 241 4074 quamvis
258 4002 363 4057 mmen
380 3993 551 4074 reliquerit
565 3993 734 4058 hominum
749 4009 884 4056 conver·
934 4000 1038 4073 peotes
1064 3992 1290 4078 sorditatem,
1310 4005 1411 4069 tuem,
1443 4005 1472 4057 rt
1495 3999 1724 4076 possessionem

88 4093 221 4157 sionem
240 4099 272 4156 et
286 4092 521 4172 subjectionem
540 4093 692 4158 Ecclesiae
705 4092 884 4157 iaciendum
935 4102 1020 4155 teum
1037 4095 1187 4154 terminos
1206 4103 1307 4155 terrie.
1322 4095 1418 4174 liceri
1439 4103 1490 4156 eor·
1505 4098 1539 4158 ie
1558 4097 1649 4177 cirpc
1661 4101 1725 4173 ser·

88 4201 123 4254 et
144 4191 354 4256 obtinendam
371 4209 429 4274 per
445 4192 882 4273 predicationemapostoio-
934 4210 1000 4267 rea,
1027 4201 1230 4272 estnequam
1257 4212 1312 4255 car
1337 4195 1429 4274 pipeti
1454 4199 1633 4280 consrinpes
1660 4219 1722 4265 ecs.

88 4308 178 4365 rume
191 4307 229 4353 ea
240 4302 344 4355 tamen
358 4309 430 4354 cum
442 4291 624 4354 differentia
637 4290 725 4370 quod
738 4289 883 4352 tihrietus
937 4293 1084 4356 Christus
1101 4307 1164 4355 nen
1181 4302 1303 4356 tantum
1317 4306 1365 4356 est
1380 4313 1449 4370 rex,
1467 4299 1522 4360 sed
1543 4299 1636 4361 hebet
1650 4319 1725 4380 gen·

88 4391 183 4454 dedit
198 4395 292 4454 Petro
315 4399 347 4452 et
366 4390 519 4468 apostolis
535 4391 723 4454 missionem
742 4389 884 4452 diuinam
936 4392 1237 4458 tes-nereditatem
1273 4411 1388 4468 suam,
1433 4406 1465 4460 et
1497 4401 1725 4480 possessionem

87 4507 167 4555 cum
194 4500 347 4571 potestate
369 4492 404 4554 in
425 4491 614 4554 universum
645 4490 774 4565 orbem,
808 4491 884 4571 quia
936 4506 1027 4558 suam
1051 4495 1199 4556 terminos
1222 4499 1325 4570 terre,
1350 4495 1473 4560 obtinet
1497 4497 1598 4576 igitur
1615 4500 1725 4563 domi-

89 4595 167 4658 talis
191 4595 304 4657 missio
322 4605 390 4657 erat
415 4595 597 4658 necessaria
618 4593 658 4658 ed
683 4593 885 4672 spiritualem
938 4594 1028 4660 nium
1056 4594 1187 4674 plenum
1219 4602 1250 4658 et
1280 4593 1455 4675 perfeetum
1482 4613 1581 4677 super
1612 4615 1724 4662 omnes

91 4701 285 4776 patestatem
304 4695 526 4774 explicandam
547 4701 581 4757 ut
600 4711 713 4760 omnes
735 4693 885 4758 homiues
938 4703 1049 4776 gentes
1071 4703 1102 4758 et
1121 4697 1276 4758 terminus
1292 4703 1396 4761 terrm.

92 4795 278 4876 regenerari
300 4801 332 4858 at
355 4794 470 4857 salvari
491 4793 726 4874 possentpdum
743 4803 885 4858 econtra
978 4797 1020 4860 ll.
1052 4797 1132 4861 Neu.
1161 4799 1294 4860 Tectam.
1311 4829 1351 4846 ·-
1380 4797 1534 4862 Christus
1563 4805 1609 4861 eei
1631 4805 1725 4879 rapui

91 4897 129 4958 in
166 4896 291 4959 nullius
324 4895 477 4958 territorii
512 4895 719 4974 temporalem
756 4911 885 4974 possem
939 4897 1728 4978 cmnirprincipcturetpotestatis,Secretusltau·v

92 4998 236 5074 sionem,
256 5013 315 5059 nec
336 4996 369 5058 in
394 4995 534 5059 ullorum
559 4995 776 5075 subiectorum
799 4996 887 5076 prin-¹
940 5000 1002 5074 lus,
1024 4998 1062 5060 ad
1091 4999 1217 5062 Coloss.
1234 5001 1325 5076 n,lo,
1342 5005 1388 5061 est
1403 4999 1471 5062 Rex
1486 5009 1604 5080 repom,
1621 5007 1651 5062 et
1664 4999 1729 5062 υσ-

92 5094 240 5176 cipetum
262 5093 391 5158 civilem
406 5096 535 5157 Petrum
556 5102 586 5156 et
602 5093 764 5174 apostolos
785 5093 884 5171 misit,
939 5099 1042 5160 minue
1070 5098 1310 5161 dominantium.
1332 5132 1369 5144 -
1389 5099 1401 5161 l
1425 5099 1507 5162 Tim.
1529 5117 1572 5170 rr,
1598 5099 1728 5162 tszust

92 5195 175 5276 quia
198 5193 272 5256 talis
291 5195 404 5257 missio
421 5211 484 5256 non
504 5201 572 5256 erat
596 5195 789 5270 necessarie,
813 5213 886 5259 eum
939 5198 1093 5277 Princeps
1114 5215 1221 5277 rapum
1237 5206 1366 5259 terrie...
1387 5207 1416 5258 et
1429 5199 1505 5278 fecit
1522 5217 1578 5259 oce
1598 5215 1729 5278 reputem

94 5293 212 5358 fideles
235 5295 333 5356 semet
356 5293 505 5356 conversi
521 5293 559 5355 ad
586 5294 680 5356 tidem
701 5301 889 5358 tenerentur
941 5309 969 5360 et
988 5296 1165 5360 sacerdotes
1191 5299 1252 5358 lieo
1273 5305 1303 5358 et
1319 5297 1412 5360 Petri
1425 5315 1493 5358 suo.
1517 5331 1556 5344 —··
1577 5300 1677 5378 Apoc.
1702 5315 1726 5372 ι,

89 5396 166 5474 iure
181 5394 295 5457 divino
310 5393 392 5456 bona
406 5393 594 5470 temporatia
609 5394 649 5458 ad
666 5393 887 5459 ministrorum
940 5401 1012 5475 5‚e:
1026 5398 1178 5460 Dominus
1186 5397 1445 5472 dominaremur,
1456 5407 1484 5460 et
1492 5401 1729 5480 discrepem.»-

93 5492 888 5575 Eraugeiiisustentationemprcebere,etinlionis
942 5499 1040 5578 Apcc.
1058 5515 1136 5572 nvn,
1152 5497 1212 5560 tt:
1229 5496 1269 5557 Et
1292 5494 1383 5560 lebet
1397 5497 1624 5561 invecticarum
1640 5509 1669 5562 et
1695 5501 1730 5563 in

94 5592 350 5658 territorialibus
371 5594 523 5658 Ecclesim
547 5595 717 5674 acquisitis
742 5595 889 5658 homines
941 5600 1056 5679 [rmore
1078 5615 1135 5658 suc
1159 5597 1314 5676 scriptum
1329 5615 1338 5657 :
1356 5596 1426 5658 lien
1439 5613 1557 5676 recum,
1573 5607 1604 5658 et
1626 5597 1729 5664 Durni-

95 5694 282 5758 habitantes
309 5693 503 5775 principatui
530 5695 678 5775 ejusdem
702 5694 792 5760 civili
815 5693 889 5776 jure
942 5696 1255 5781 medeminnctium.

93 5789 234 5858 naturali
249 5798 281 5853 et
295 5790 405 5853 divine
422 5791 671 5871 subjicerentur.
985 5798 1069 5876 Ergo
1080 5794 1226 5860 Christus
1241 5796 1335 5860 habet
1350 5812 1478 5862 emnem
1507 5797 1627 5878 regiam
1644 5805 1735 5879 pote·

257 5895 315 5958 lus
344 5895 605 5961 cucumerarii.
1557 5902 1594 5971 ii
