4046 6460
152 390 209 458 rer
393 399 491 463 rans
507 401 566 466 ru.
586 403 636 466 un
653 403 853 472 sansonis
866 433 900 446 -
912 409 986 474 ure.
1007 413 1091 478 vrrs.
1111 414 1159 480 on
1177 416 1462 506 susurramus,
1482 405 1562 496 nnc.
1728 437 1784 502 ers

149 517 315 595 internos,
334 526 366 584 ai
384 519 507 588 nullam
525 521 678 588 babentes
703 529 942 592 connexionem
997 533 1175 614 pientibns,
1193 539 1223 603 si
1238 539 1307 622 ipsi.
1321 551 1397 606 suot
1411 543 1549 612 diversos
1571 549 1783 630 auctoritatis,

150 633 226 678 cum
242 617 366 682 actibus
381 621 565 685 externis...
595 629 725 687 tenetur
745 635 850 690 tamen
865 628 942 691 reli·
994 633 1089 700 d'ebet
1110 642 1260 706 subditus
1281 644 1414 709 obedire
1440 649 1565 730 majori,
1586 653 1703 716 relicto
1720 656 1784 718 mi·

149 717 267 795 giosus
291 719 424 784 obedire
449 722 612 800 superiori
637 725 835 806 precipieoti
853 736 943 792 ectus
995 738 1080 815 nori,
1104 741 1133 804 si
1158 744 1266 810 minor
1294 765 1312 811 e
1341 751 1454 830 majori
1478 752 1651 830 dependet,
1667 773 1783 836 nempe

153 819 313 892 internos,
343 827 437 899 prout
463 824 696 888 connexionem
721 825 839 891 hebent
869 847 948 892 cum
994 854 1122 904 summo
1144 847 1301 922 pontimi,
1321 857 1353 914 et
1374 851 1469 916 dictis
1492 853 1592 918 sacris
1611 871 1784 936 congrega·

150 919 280 981 actibus
308 923 465 999 externis,
489 941 563 990 cum
587 927 633 989 sic
660 945 716 1006 per
735 929 896 1008 accidens,
913 938 945 995 et
995 939 1160 1019 tionibus,
1177 954 1209 1009 et
1228 948 1366 1028 collegio
1383 953 1596 1019 cardinalium
1627 958 1705 1020 sede
1726 975 1781 1021 ru·

151 1018 315 1128 indirecte
334 1021 464 1088 subsint
480 1024 608 1102 judicio
632 1025 793 1102 humano,
820 1037 851 1093 et
870 1048 945 1110 pos·
995 1046 1098 1117 cante,
1111 1044 1781 1133 omisstsomnibussuperiortbnsordints.

152 1124 221 1178 srrrt
251 1119 421 1200 precipi...
444 1141 476 1184 v.
490 1141 521 1204 g.
540 1124 662 1203 prelati
685 1127 852 1205 segniores
874 1145 945 1208 pos·
995 1141 1079 1203 Patri
1098 1147 1253 1223 gonteruli,
1271 1150 1395 1214 omisso
1420 1155 1622 1231 provinciali,
1646 1165 1678 1220 et
1706 1157 1783 1221 huic

151 1224 231 1280 sunt
260 1219 400 1284 subditis
429 1240 488 1302 per
506 1223 723 1289 obedientiam
749 1229 942 1309 precipere,
995 1241 1120 1307 omisso
1143 1249 1312 1328 superiore
1337 1252 1441 1329 locali,
1461 1264 1493 1319 et
1519 1256 1567 1320 sic
1591 1258 1631 1321 de
1654 1259 1741 1323 aliis.
1767 1283 1781 1318 e

150 1321 190 1378 ut
206 1335 287 1396 quas
304 1319 466 1386 celebrant
482 1324 608 1402 misses,
620 1343 679 1406 pro
691 1344 748 1392 suo
763 1329 943 1395 intentione
996 1340 1210 1423 (Communis,
1233 1354 1321 1413 textu
1340 1369 1495 1430 expresso
1511 1353 1546 1417 in
1569 1371 1597 1418 c.
1621 1355 1696 1434 Quo
1710 1375 1784 1420 eoe-

150 1415 327 1492 onerant...
995 1449 1046 1501 tro
1060 1441 1090 1516 2,
1102 1443 1203 1509 diste
1215 1455 1265 1524 ;et
1280 1466 1350 1512 ran.
1364 1449 1428 1526 Qut
1437 1453 1558 1516 resistit
1569 1455 1618 1528 on,
1629 1459 1782 1522 oerrsatt.

191 1519 282 1583 Xiil.
311 1543 326 1578 r
355 1523 516 1605 Religiosi
542 1543 581 1590 cx
607 1529 637 1592 ti
660 1527 729 1594 noti
749 1532 944 1599 obedientie
994 1547 1108 1620 quaest.
1126 1541 1169 1624 3.)

149 1621 308 1683 tenentur
332 1623 466 1689 obedire
489 1627 521 1692 in
542 1628 612 1704 bis,
643 1649 716 1714 qum
744 1643 944 1698 concernunt
1034 1639 1363 1726 xvt1.«tteguiares
1386 1666 1427 1715 ex
1449 1650 1482 1716 ri
1506 1653 1570 1717 voti
1587 1651 1782 1718 obedientie

149 1719 321 1802 Regulam,
333 1741 399 1790 noo
413 1727 518 1792 solum
536 1732 675 1811 prelatis
688 1733 873 1814 religionis,
885 1735 943 1798 sed
995 1739 1146 1802 tenentur
1164 1741 1342 1823 adimplere
1357 1753 1516 1828 precepta
1539 1749 1700 1830 apreleto
1720 1751 1784 1816 im·

150 1821 251 1886 etiem
268 1829 454 1904 specialiter
475 1847 603 1896 summo
627 1833 784 1913 pontifici,
805 1853 871 1900 non
890 1853 941 1900 so·
996 1835 1099 1912 posita
1123 1839 1218 1902 etiarn
1246 1843 1481 1910 exsistentibus
1496 1847 1564 1911 illis
1593 1857 1682 1914 extra
1707 1867 1784 1931 pro·

150 1917 221 1982 inm
254 1932 417 2004 qnatenus
454 1938 504 1994 est
535 1939 631 2010 ceput
665 1935 841 2010 Ecclesia,
877 1951 943 2016 quo
995 1933 1157 2014 vinciam,
1181 1956 1241 2003 seu
1263 1945 1495 2011 monesterium
1515 1947 1653 2012 iliius.»
1681 1949 1786 2034 (Com-

152 2021 251 2087 titulo
281 2040 395 2090 omnes
424 2032 520 2094 etiam
549 2033 721 2099 saeculares
745 2036 877 2100 obedire
897 2044 944 2101 ie·
994 2035 1131 2117 munis.)

150 2129 283 2200 nentur,
312 2127 369 2191 sed
392 2129 577 2209 specialiter
601 2134 698 2199 etiem
723 2136 847 2200 ratione
877 2137 942 2200 roii
1034 2135 1186 2200 xvdie
1217 2141 1287 2203 Non
1317 2147 1470 2207 tenentur
1497 2152 1603 2212 temen
1619 2150 1786 2229 regulares

149 2217 349 2288 obedientie
368 2228 480 2292 emissi
499 2230 531 2294 in
557 2233 697 2313 regulari
727 2235 941 2313 professione.
994 2230 1127 2297 obedire
1165 2253 1226 2301 suo
1242 2241 1406 2319 superiori
1424 2249 1702 2313 excommunicato
1717 2267 1782 2330 pu·

149 2317 197 2398 (s,
215 2323 349 2389 Tuon,
369 2327 440 2400 gp,
460 2335 670 2410 qummgg,
688 2344 747 2399 „g
769 2337 809 2412 53
840 2345 871 2401 ει
886 2338 941 2402 atii
995 2326 1090 2404 blico,
1111 2337 1143 2396 et
1163 2349 1228 2398 nou
1257 2336 1413 2416 tolerato,
1434 2342 1612 2422 quietuoc
1633 2347 1785 2428 superior

149 2425 391 2508 communicen)
409 2430 445 2492 gr
468 2432 549 2495 ωηο
564 2441 624 2506 esp,
641 2433 719 2517 qut,
739 2443 848 2500 ,orum
867 2438 943 2500 obe.
994 2434 1078 2490 caret
1092 2429 1322 2512 iurisdictione
1343 2436 1378 2500 in
1401 2440 1562 2506 subditos.
1585 2443 1653 2506 imo
1676 2461 1782 2526 neque

149 2519 285 2587 dientiffi
311 2543 369 2605 per
393 2545 428 2592 ὅθ
451 2533 575 2610 primo,
609 2542 640 2598 ep
666 2535 886 2617 pftngjpglpef
910 2539 942 2602 fir
995 2537 1128 2604 possunt
1140 2537 1216 2595 tuno
1234 2535 1355 2600 subditi
1368 2537 1453 2603 licite
1469 2539 1601 2605 obedire
1619 2545 1783 2624 superiori

149 2619 299 2689 Romano
331 2629 471 2707 pontiflci
511 2641 661 2716 tanquam
697 2638 942 2717 generalissimo
994 2625 1785 2728 ⁵1⁰³¹⁰0fflffl⁰ssi0tl⁰iquilhfflffieifflssffl·
1892 2667 1897 2677 '

148 2724 300 2788 omnium
325 2727 636 2810 ,015310n0m‚0um
666 2737 773 2800 omnis
802 2746 942 2818 potestas
993 2729 1127 2793 soerein
1143 2732 1403 2814 illopotestatem
1416 2739 1671 2820 Jurisdictionis,
1687 2761 1783 2825 quam

145 2820 390 2899 Jurisdicsionis
448 2833 674 2913 generalium,
734 2835 940 2920 filiorumque
993 2829 1782 2924 nonhabet,etcommunioarecumillo,quodnon

149 2922 357 2998 prelatorum
382 2930 577 3012 religionum
592 2935 633 2998 ab
648 2934 705 2998 illo
737 2937 941 3016 dependente
992 2927 1076 2995 litei·
1095 2933 1172 3018 ’(0·
1188 2937 1299 3018 Nuper
1319 2941 1370 3016 293
1384 2957 1411 3003 ⁰·
1431 2941 1466 3004 St'
1488 2940 1657 3024 “litum
1673 2944 1724 3023 Μ,
1740 2946 1784 3007 ῙῙθ

150 3029 185 3083 et
196 3041 268 3087 eam
284 3029 422 3107 prelatis
442 3034 646 3114 regularibus
662 3037 695 3099 in
711 3037 941 3116 approbatione
993 3043 1071 3096 scot.
1096 3054 1214 3101 mom·
1231 3057 1304 3104 cum
1323 3041 1515 3124 similibus.)

150 3123 350 3205 religionum
373 3143 544 3198 censeatur
558 3137 735 3202 concedere
757 3139 942 3221 dependen·
1032 3135 1122 3200 XIX·
1146 3163 1161 3197 r
1178 3141 1259 3220 Papa
1276 3148 1378 3221 potest
1393 3145 1538 3208 eximere
1555 3161 1783 3230 quemcunque

149 3230 203 3286 ter
219 3232 325 3292 temen
341 3247 472 3311 semper
485 3235 524 3297 ab
539 3237 653 3315 ipso.»
993 3235 1185 3317 religiosum
1206 3239 1245 3304 ab
1259 3241 1443 3306 obedientia
1459 3242 1652 3309 interiorum
1668 3248 1784 3326 prele-

194 3329 276 3392 ttem
294 3348 333 3394 ex
352 3333 389 3396 vi
413 3337 478 3398 voti
503 3336 698 3402 obedientie
716 3343 867 3403 tenentur
889 3358 942 3405 re·
993 3339 1115 3414 torem,
1132 3345 1163 3402 et
1178 3339 1241 3402 sibi
1265 3357 1440 3407 reservare.
1463 3345 1681 3410 accentores
1699 3363 1785 3412 eom·

150 3425 266 3507 ligiosi
285 3433 417 3498 obedire
440 3436 541 3498 sacris
559 3439 866 3517 congregationibus
881 3441 944 3503 lto·
995 3436 1074 3515 petii
1105 3439 1179 3519 iure
1218 3441 1363 3522 supremi
1400 3443 1522 3524 prelati
1561 3445 1781 3527 religionum,

153 3527 275 3605 ruanis,
304 3548 377 3611 quse
400 3549 418 3595 a
441 3549 521 3614 papa
541 3533 658 3598 hebent
680 3533 941 3616 jurisdictionem
994 3539 1081 3618 quod
1102 3539 1173 3620 ipsc
1192 3539 1297 3607 babet.
1317 3543 1660 3628 »(Com1nunissima.)
1704 3559 1706 3566 ·

152 3627 189 3691 in
208 3628 391 3710 religiosos.
1034 3639 1107 3705 XX.
1132 3643 1212 3705 item
1241 3646 1274 3706 P.
1291 3645 1472 3724 generalis,
1499 3645 1548 3709 vel
1575 3647 1782 3726 provincialis

196 3731 315 3794 sltem
344 3751 385 3798 ex
419 3735 451 3799 ri
474 3737 540 3800 voti
569 3738 943 3802 obedienrretenaurur
995 3745 1099 3816 potest
1119 3741 1259 3821 exjuste
1279 3761 1374 3808 causa
1396 3745 1540 3809 eximere
1559 3746 1725 3810 subditum
1744 3747 1783 3810 eb
1906 3735 1908 3742 ’

152 3830 302 3910 religiosi
320 3833 455 3900 obedire
470 3853 560 3900 sacro
579 3839 717 3919 collegio
732 3839 942 3904 cardinalium
995 3839 1179 3904 obedientia
1193 3844 1246 3905 sni
1264 3844 1445 3909 immediati
1467 3846 1657 3926 superioris,
1673 3853 1704 3910 et
1719 3847 1784 3910 sibi

150 3936 301 4010 tompore
316 3935 404 3996 sedis
420 3937 573 4000 vacantis.
595 3959 611 3995 n
981 3941 1158 4005 'reservare
1173 3964 1182 4014 ς
1198 3942 1315 4007 babent
1346 3945 1433 4009 enim
1449 3946 1525 4024 'ipsi
1548 3947 1581 4009 in
1613 3947 1782 4011 interiores

197 4033 284 4094 xii.
302 4054 317 4092 r
335 4036 413 4097 item
435 4054 473 4100 ex
490 4043 564 4102 roto
580 4039 775 4103 obedientie
793 4047 944 4104 tenentur
995 4041 1184 4120 superiores
1196 4044 1376 4109 absolutam
1387 4043 1663 4126 jurisdictionem.
1682 4045 1785 4128 (Com-

152 4129 291 4196 obodire
317 4133 470 4216 episcopo
485 4136 633 4218 religiosi
651 4139 784 4202 iliorum
802 4153 943 4202 consen·
994 4141 1123 4222 ments.)

153 4243 263 4308 tuum,
287 4235 344 4315 qui
368 4237 512 4317 episcopi
535 4237 760 4318 jurisdictioni
793 4239 943 4315 subsunt,
1035 4243 1336 4324 xx1.ettagutarcs
1348 4243 1782 4325 nequeuntliciteacceptere

153 4342 193 4398 ui
209 4337 383 4402 declararit
400 4354 481 4401 sacr.
500 4355 611 4420 congr.
630 4357 729 4421 super
745 4345 829 4404 statu
845 4357 942 4422 regu·
996 4340 1228 4420 episcopatum,
1247 4341 1297 4404 vel
1313 4342 1409 4406 oliam
1425 4343 1613 4424 dignitatem
1629 4349 1719 4405 extra
1731 4355 1783 4404 or-

154 4437 274 4500 larium
289 4440 330 4502 m
343 4439 424 4502 tulii
441 4439 531 4502 1657.
553 4462 569 4499 a
996 4441 1107 4503 dinem
1130 4442 1201 4504 sine
1223 4441 1354 4506 liuentia
1380 4442 1570 4521 superioris.
1590 4463 1605 4498 s
1622 4441 1784 4521 (Commu-

196 4541 267 4604 XV.
284 4539 343 4604 «ei
359 4541 391 4602 in
405 4541 685 4622 aliquoconventu
705 4540 947 4622 episeoposub·
997 4542 1049 4606 nis
1073 4559 1131 4623 per
1149 4548 1225 4606 text.
1250 4544 1283 4606 in
1307 4559 1335 4607 o.
1369 4541 1446 4605 Cum
1467 4543 1511 4604 sit
1531 4543 1781 4618 accrescerent,

150 4639 241 4719 jesoc
258 4640 416 4703 contrarie
434 4639 619 4720 precipiunt
648 4639 799 4720 supertor
820 4645 852 4703 et
871 4639 944 4722 epi·
997 4661 1093 4711 causa
1104 4647 1156 4720 18,
1175 4651 1289 4726 quest.
1309 4647 1341 4720 2;
1354 4650 1385 4708 et
1397 4661 1425 4707 c.
1440 4642 1652 4722 Sirettpr‘oscr
1666 4643 1724 4717 27,
1740 4642 1784 4704 lta

156 4757 292 4820 scopos,
317 4740 467 4804 subditus
484 4740 520 4803 in
547 4741 626 4816 illis,
651 4757 723 4820 que
741 4748 885 4820 spectant
907 4741 946 4804 ad
999 4745 1156 4817 electione,
1168 4745 1201 4806 iu
1216 4743 1260 4826 6.)
1274 4777 1307 4790 -
1319 4743 1403 4819 (Huc
1415 4757 1520 4821 usque
1534 4741 1680 4804 Funera.
1693 4738 1782 4804 verb.

155 4839 327 4920 Regulam,
339 4848 369 4904 et
381 4840 631 4904 constitutiones
643 4841 769 4904 ordinis
783 4841 946 4905 ordinarie
1003 4847 1122 4909 i’otcm.
1138 4851 1197 4907 art.
1216 4845 1247 4918 2,
1262 4860 1281 4906 a
1296 4859 1385 4907 num.
1400 4843 1440 4905 13
1453 4842 1493 4906 ad
1507 4841 1572 4924 to.)

156 4943 325 5024 loquendo
344 4950 473 5007 tenetur
484 4943 616 5006 obedire
631 4943 805 5022 superiori,
822 4944 898 5024 quia
913 4944 947 5006 ic
999 4985 1067 5060 fili.
1083 5017 1119 5030 -
1140 4985 1178 5042 De
1195 4995 1330 5060 potestate
1354 4985 1490 5042 condendi
1516 4991 1617 5040 sumu
1642 4989 1784 5054 pam

156 5043 257 5124 trojus
274 5043 422 5107 manibus
436 5043 522 5106 vovit
536 5042 753 5106 obedientiam
769 5043 947 5106 secundum
1033 5073 1094 5128 qtrae
1118 5057 1252 5114 matonam
1281 5067 1308 5114 er
1331 5057 1387 5112 rim
1414 5053 1481 5128 tegis
1499 5053 1618 5110 babeant
1645 5055 1675 5108 in
1695 5053 1786 5124 aitqua

156 5146 330 5226 Regulam.
352 5147 389 5208 ln
413 5144 487 5208 aliie
507 5153 633 5217 atatem,
650 5160 724 5224 quar
747 5151 890 5222 spectant
907 5142 946 5206 ad
1033 5127 1175 5199 reiigione,

158 5245 367 5325 disciplinam
381 5243 645 5316 ecclesiasticam,
658 5249 791 5306 tenetur
813 5242 947 5307 obedire
1038 5241 1064 5302 l.
1085 5241 1215 5304 Certum
1239 5245 1288 5302 est
1302 5243 1333 5328 et
1352 5233 1530 5300 tenendum
1554 5234 1642 5314 quod
1659 5235 1689 5296 1·
1704 5231 1787 5298 inte-

157 5348 326 5428 episcopo,
343 5347 420 5428 quio
435 5345 474 5409 ad
489 5345 547 5408 iiia
569 5342 718 5423 superior
731 5341 801 5422 ipse
813 5349 860 5404 est
876 5343 948 5423 epi·
999 5339 1103 5402 riores
1126 5336 1247 5417 prelati
1272 5341 1462 5417 potestatem
1494 5333 1691 5396 ordinariam
1719 5348 1786 5395 non

157 5465 260 5530 scopo
286 5447 462 5528 subiectus.
489 5447 521 5510 si
548 5452 652 5509 tamen
677 5441 851 5522 opiscopus
875 5461 948 5508 curn
1000 5437 1165 5503 habentad
1179 5435 1346 5501 condendo
1362 5433 1522 5516 ejusmodi
1534 5431 1706 5496 statuta?
1722 5433 1786 5494 Ne·

158 5569 259 5616 causa
282 5548 464 5614 rationabili
485 5549 652 5626 dispenset
674 5545 757 5607 cirea
780 5551 896 5608 statute
919 5551 950 5608 et
1000 5553 1064 5622 qne
1079 5539 1175 5604 etiam
1191 5537 1278 5601 iilam
1298 5537 1415 5600 hebent
1435 5532 1661 5614 provinciales.
1676 5531 1786 5610 3⁰lpsi
1843 5631 1844 5634 Ἴ

159 5651 412 5717 constitutiones
427 5647 503 5711 dicti
520 5653 710 5723 conventus,
728 5653 760 5712 et
776 5653 855 5710 tune
870 5663 951 5728 pre·
1002 5643 1097 5706 etiam
1113 5640 1266 5704 ordinum
1289 5635 1456 5720 generales
1477 5637 1610 5718 (attento
1629 5634 1699 5697 solo
1711 5633 1787 5715 Joro

159 5753 272 5833 cipiet,
286 5749 416 5815 debebit
432 5749 584 5813 subditus
600 5745 733 5810 obedire
750 5745 914 5828 episcopo.
933 5768 949 5805 a
1002 5742 1178 5816 communi,
1194 5747 1226 5804 ct
1240 5740 1305 5803 uisi
1322 5739 1415 5802 aliter
1435 5737 1470 5800 in
1494 5735 1605 5818 aliquo
1623 5733 1786 5808 instituto,

140 5895 145 5941 2
205 5855 293 5925 titt.
319 5877 335 5914 a
357 5853 492 5921 Duobus
521 5849 658 5936 pretatis
683 5851 809 5918 dirorse
834 5847 948 5933 preci·
1005 5863 1022 5909 a
1054 5844 1130 5907 sede
1154 5841 1328 5923 apostolico
1360 5837 1567 5924 approbato,
1585 5835 1796 5923 disponerent,
