4004 6458
112 359 168 424 odd
298 425 313 459 ·
399 361 564 424 ranstt'.
584 355 791 430 conuerte.
810 389 845 404 ··
865 363 1031 428 tinxit.
1056 363 1107 428 ott
1126 361 1244 426 cortis
1263 359 1466 426 ECCLESIAE.
1588 403 1591 418 .
1689 355 1743 422 llo

97 475 340 546 'concedamus
370 471 426 550 qui
452 467 597 546 ejusdem
637 473 774 548 ordinis,
800 484 899 554 atque
958 469 1495 554 prieneoeiicia·noosint,tameo
1509 465 1744 533 bensdcilloeo

108 575 254 638 instituti
284 593 319 640 ac
336 573 400 634 rari
419 567 565 634 titulasse
586 589 649 635 noo
676 584 764 638 suot.
780 597 796 633 s
814 573 901 654 [Vide
954 577 1042 642 sunt,
1061 569 1216 648 quoniam
1230 585 1269 631 ex
1285 567 1511 630 ecclesiasticis
1525 566 1618 629 bonis
1633 568 1743 631 decer·

109 677 257 740 Faunis.
272 678 306 740 in
335 692 364 739 c.
379 675 409 748 t,
427 673 470 735 Dr
485 670 596 753 capell.
610 673 754 738 diceneo.
775 676 804 751 t,
833 689 865 738 n.
883 674 898 736 1
956 678 1092 750 puntur,
1116 667 1240 733 etideo
1265 666 1397 730 nonnisi
1418 666 1542 731 clericis
1557 672 1685 737 dantur,
1706 683 1743 730 ae

108 778 242 861 etseq.)
954 787 1011 850 per
1037 769 1275 832 matrimonium
1303 767 1517 839 amittuntur,
1544 765 1604 828 uisi
1640 781 1738 843 quem

162 883 165 888 ⁴
953 871 1046 933 sedes
1067 868 1238 948 apostolica
1254 867 1322 946 lege
1341 865 1484 929 soluerit.
1509 867 1606 928 Porro
1632 865 1749 928 clerici·

954 969 1111 1048 pensione
1134 969 1224 1030 ditati
1251 967 1390 1029 cilicium
1414 967 1450 1028 il.
1470 967 1611 1044 Virginis
1629 966 1742 1046 quoti·

147 1071 175 1134 i.
194 1093 208 1128 a
238 1073 355 1134 Pensio
372 1071 404 1132 in
430 1088 465 1132 re
481 1070 632 1134 canoniea
661 1075 708 1135 est
729 1077 813 1134 certa
827 1083 902 1152 pars
955 1066 1007 1128 die
1022 1067 1153 1130 recitare
1165 1067 1296 1129 ¹debent.
1314 1067 1356 1144 (S.
1376 1066 1449 1128 Prus
1461 1067 1499 1139 V,
1514 1073 1617 1129 const.
1629 1066 1742 1128 Sucro·

108 1173 310 1243 reddituum,
340 1170 455 1250 quiex
478 1172 582 1232 atiena
605 1168 762 1232 beneficio
790 1170 900 1236 datra-
953 1177 1100 1240 mentum,
1116 1175 1146 1230 et
1162 1174 1266 1229 const.
1284 1165 1335 1228 Ec
1355 1165 1529 1246 proximo.)

108 1271 243 1345 truntur,
259 1279 355 1350 atque
378 1269 472 1333 alicui
488 1268 617 1345 clerico,
630 1271 718 1350 justa
733 1270 772 1332 de
790 1287 898 1348 causa,
993 1287 1008 1322 ι
1026 1264 1142 1329 Pensio
1161 1273 1311 1344 tanquam
1330 1264 1541 1327 ususiruotus
1558 1263 1740 1342 exstingui·

107 1379 140 1430 st
170 1368 312 1448 ¹egitima
328 1370 529 1443 auctoritate,
559 1369 776 1448 assignantur.
805 1371 899 1432 Anti·
955 1378 1005 1431 tar
1026 1375 1128 1428 morte
1143 1365 1261 1441 clerici,
1289 1365 1344 1443 qui
1368 1384 1402 1428 ea
1421 1366 1533 1428 virens
1558 1365 1740 1440 fruebaturs

106 1471 269 1550 quissiaco
286 1481 333 1533 est
348 1473 439 1551 origo
462 1469 654 1550 pensionum
681 1480 713 1533 at
732 1488 840 1534 earum
865 1471 899 1534 in
955 1469 1016 1532 nisi
1034 1467 1102 1548 ipsa
1125 1485 1141 1530 ι
1164 1467 1240 1528 sedo
1255 1475 1361 1547 apost.
1381 1466 1414 1527 io
1430 1467 1527 1526 alium
1547 1465 1740 1528 transteren-

42 1569 48 1584 '
107 1572 367 1636 ctrateedooensi
417 1579 513 1653 atquo
555 1570 720 1650 Ephesiuo
762 1571 901 1637 concilio
953 1563 1741 1648 drepensionisiacultaternobtinuerit.Quopri·

106 1672 257 1750 exempla
273 1679 392 1734 sunt.»
956 1658 1073 1744 vilugio
1098 1665 1250 1728 fruuntur
1273 1663 1452 1726 cardinales
1472 1666 1502 1726 et
1528 1662 1596 1732 alii,
1620 1663 1740 1740 quibos

148 1774 193 1836 ΙΙ.
209 1794 225 1829 ι
243 1771 323 1833 Cum
349 1781 455 1835 autem
476 1789 532 1852 per
553 1789 725 1852 pensiones
746 1771 900 1836 beneficia
953 1767 1032 1831 illud
1055 1783 1073 1830 ι
1094 1785 1178 1830 sura.
1197 1767 1344 1844 pontione
1362 1765 1471 1826 datum
1488 1770 1556 1838 cst3
1574 1769 1605 1823 et
1621 1761 1741 1843 triqui-

108 1870 325 1945 reindantur,
341 1879 396 1933 aut
421 1871 461 1934 iis
490 1887 574 1934 onos
601 1871 796 1950 imponatur,
814 1871 900 1952 qaod
953 1869 1027 1931 dem
1053 1883 1117 1928 non
1147 1867 1300 1942 integram
1330 1862 1533 1942 pensionem,
1559 1863 1615 1923 sad
1641 1861 1741 1923 dimi·

109 1975 287 2046 utrumque
325 1969 425 2032 sacris
470 1969 648 2034 canorribus
684 1969 819 2031 vetitum
853 1975 900 2032 est
954 1968 1038 2030 diam
1062 1967 1269 2044 ejuspartom
1298 1965 1332 2025 in
1357 1963 1455 2026 elium
1484 1961 1743 2040 trsnsierrepos·

107 2067 191 2147 (cap.
212 2068 287 2130 8Dc
301 2066 509 2148 praemon.
522 2071 555 2140 7,
570 2069 614 2130 Dr
628 2066 768 2142 sensili,
786 2084 902 2129 neces·
954 2071 1041 2125 sunt.
1059 2063 1245 2144 (Innocens.
1270 2063 1328 2135 xt,
1353 2068 1455 2124 const.
1483 2059 1741 2140 circumspecto.)

107 2169 199 2231 serio
214 2169 580 2249 requirituranctoritas
598 2168 715 2231 summi
729 2168 900 2248 pontilicis,
955 2164 1092 2228 Tollitur
1119 2165 1213 2228 etium
1245 2163 1358 2244 pensio
1389 2179 1445 2240 per
1475 2161 1740 2240 redemptionem,

107 2271 165 2348 qui
200 2270 348 2333 relaxatis
378 2269 555 2333 canonibus
586 2270 760 2348 pensiones
785 2267 902 2331 consti·
955 2281 1027 2344 quas
1043 2266 1076 2327 tit
1096 2263 1345 2343 representatis,
1362 2261 1423 2323 hoc
1437 2269 1486 2324 est
1499 2267 1622 2322 matrrre
1636 2258 1741 2332 luctis,

108 2373 327 2435 tuat...}1aud
346 2379 451 2434 tumen
478 2371 607 2443 desunt,
627 2369 680 2451 qui
698 2370 792 2433 etiam
819 2370 901 2432 harro
953 2363 1205 2442 aliquotannuis
1223 2362 1420 2443 pensionum
1433 2359 1650 2423 solutionibus
1663 2382 1671 2433 ;
1685 2363 1741 2422 sed

108 2482 304 2556 potestatem
320 2476 473 2558 episeopo
489 2476 691 2550 adscribun13
706 2475 762 2540 sed
787 2491 901 2539 omnes
955 2481 990 2528 ea
1015 2465 1049 2526 in
1062 2483 1095 2527 re
1122 2465 1239 2526 summi
1257 2463 1418 2543 pontilicis
1439 2459 1611 2523 auctoritas
1626 2476 1742 2521 neces·

108 2579 197 2642 inter
225 2579 414 2659 pensionem
435 2596 453 2641 fl
476 2577 625 2657 pontifice
651 2585 748 2656 atque
770 2577 809 2639 ab
833 2575 902 2654 epi.
956 2567 1038 2628 solid
1058 2573 1117 2628 esl.
1133 2565 1281 2644 anlqlle
1299 2563 1413 2642 pelisii)
1433 2561 1589 2624 amittitur
1606 2561 1739 2638 religio·

107 2692 211 2756 scopo
226 2678 407 2755 impositam
420 2691 570 2754 magnum
582 2675 756 2738 discrimen
766 2673 899 2738 iaciunt.
954 2665 1006 2730 nis
1022 2663 1233 2746 professione,
1256 2661 1475 2733 matrimonio,
1503 2661 1740 2739 degradatione,

108 2778 190 2840 liam
217 2776 329 2855 pensio
357 2776 517 2856 pontilicis
536 2775 596 2857 ipsi
619 2775 715 2838 heret
731 2773 897 2849 benoiicio,
954 2765 1088 2830 crimine
1129 2763 1280 2840 horosio,
1322 2771 1377 2826 ⁸¹¹⁸
1416 2763 1497 2824 ΙΝ
1540 2759 1740 2840 moestitiis,

109 2889 186 2938 oram
201 2889 269 2952 quo
294 2873 484 2936 transiertur
499 2871 537 2934 ad
563 2887 675 2934 omnes
688 2871 758 2950 ejus
773 2886 901 2948 posses·
955 2867 1077 2930 ceteris
1095 2864 1162 2928 fara
1177 2864 1305 2939 modis,
1328 2862 1449 2944 quibus
1472 2860 1625 2924 benetieia
1645 2858 1741 2922 amit·

108 2991 204 3036 sores
215 2989 224 3049 ;
236 2981 267 3036 at
283 2973 425 3054 episcopi
441 2973 556 3053 pensio
571 2973 676 3034 sotum
692 2971 788 3035 allicit
802 2972 901 3035 bene·
955 2973 1079 3030 tuntur.
1181 2993 1182 2996 ¹

108 3071 283 3147 iioiarium,
294 3071 386 3150 euius
397 3071 488 3134 obitu
500 3069 730 3147 exstinguitur.
746 3091 760 3126 s

151 3172 210 3234 lli.
231 3191 248 3230 rr
273 3170 373 3234 iustis
401 3176 508 3233 autem
531 3169 570 3233 de
594 3168 699 3232 causis
725 3165 925 3248 pensiones

107 3270 338 3350 imponuntur,
354 3268 452 3334 relati
467 3269 496 3331 si
511 3267 701 3332 beneficium
725 3267 767 3330 sit
785 3267 902 3344 litigio·
993 3266 1019 3330 1.
1035 3267 1118 3330 Satis
1140 3281 1203 3328 non
1221 3271 1269 3329 est
1290 3264 1431 3346 aliquem
1445 3265 1634 3328 beneficium
1655 3263 1744 3326 obti-

109 3388 201 3443 sum,
220 3371 263 3433 ita
278 3379 313 3434 ut
330 3370 414 3432 inter
430 3369 511 3432 duos
537 3367 578 3428 de
593 3384 632 3430 eo
651 3366 812 3446 litigantes
825 3383 902 3429 oon·
955 3368 1077 3441 unisse,
1089 3367 1150 3429 nisi
1167 3366 1196 3428 is
1211 3368 1306 3428 ctiam
1325 3365 1396 3446 ejus
1413 3366 1650 3445 possessionem
1667 3361 1742 3426 adi·

109 3467 249 3530 eitiauda
263 3467 432 3530 concordia
449 3467 502 3529 sit.
517 3465 563 3544 (C.
578 3465 631 3541 nt,
648 3468 693 3526 Dc
710 3463 813 3544 prob.
839 3463 901 3526 co
956 3465 1113 3542 piscatur,
1137 3471 1169 3528 ut
1191 3464 1315 3527 iructus
1337 3464 1438 3541 capiat
1467 3459 1743 3542 suosque'iaciat.

107 3563 341 3646 Detranrurt.)
368 3565 497 3629 Siillud
520 3571 795 3643 permuteturaut
818 3563 900 3626 rasi·
955 3563 1140 3626 Generatim
1174 3561 1231 3643 qui
1259 3561 1450 3626 beneficium
1486 3560 1688 3632 conferendi,
1712 3561 1741 3620 is

109 3673 242 3747 gnetur.
255 3665 299 3746 (C.
318 3663 350 3737 is,
365 3666 408 3727 De
428 3663 534 3728 cleric.
553 3673 684 3743 reprom
702 3682 730 3728 c.
747 3668 779 3741 6,
794 3667 839 3728 Dc
852 3683 901 3729 rs-
955 3665 1047 3727 etism
1076 3663 1291 3742 possessionis
1310 3663 1469 3724 tradendo
1489 3662 1544 3740 jus
1562 3661 1668 3735 habet,
1685 3661 1740 3722 sed

108 3786 184 3830 rum
208 3768 357 3846 pernam.)
376 3767 415 3828 ,Si
448 3767 584 3830 clericus
608 3767 648 3828 de
678 3765 812 3830 ecclesia
843 3785 901 3830 sua
956 3761 1015 3824 hoc
1040 3761 1229 3841 plerumque
1245 3760 1334 3824 atteri
1362 3760 1516 3823 committi
1541 3760 1641 3831 solet,
1664 3761 1740 3822 olim

111 3867 197 3928 bene
213 3865 359 3938 rucritus,
373 3872 428 3929 aut
449 3865 543 3942 inops
568 3865 622 3935 sit,
645 3873 701 3928 aul
717 3867 795 3928 rasela
813 3869 902 3930 rale—
954 3861 1082 3940 quidsm
1107 3861 1146 3922 od
1166 3860 1425 3924 archidiaconum
1443 3861 1639 3940 pertinebat·
1661 3861 1743 3923 Cum

112 3965 228 4028 tudine
263 3965 408 4042 laboret,
439 3965 581 4045 denique
610 3963 725 4028 clerieo
752 3965 903 4030 Ecclesiae
956 3962 1119 4040 possessio
1140 3961 1296 4034 traditur,
1322 3968 1452 4026 externa
1475 3959 1618 4042 quaedam
1642 3959 1743 4020 edhi-

112 4065 185 4130 utiii
217 4065 331 4143 penno
364 4065 551 4128 conceditur
602 4071 639 4128 ut
664 4065 738 4126 iude
768 4066 902 4129 taonesta
955 4064 1595 4145 bantursigna,quibuseasigoiircatur.
1612 4065 1742 4138 ita,ax.

115 4162 212 4224 vivat.
228 4160 344 4224 Pensio
366 4161 526 4224 moderata
545 4177 618 4224 esse
633 4163 740 4238 debet,
758 4172 792 4226 ut
807 4165 903 4226 bane·
954 4165 1169 4245 gr.,canonioi
1189 4174 1318 4242 accepto
1333 4163 1426 4236 libro,
1444 4163 1568 4244 ptulsato
1585 4163 1741 4226 tintinna·

115 4263 237 4326 tioiario
275 4262 439 4342 supersint
473 4262 646 4338 redditus,
677 4279 750 4326 curm
783 4264 903 4343 quihus
955 4267 1053 4341 bulo,
1074 4265 1450 4346 caeterisqueisimiiibus
1472 4265 1586 4344 signis,
1611 4264 1741 4344 parochi

114 4361 212 4422 vitam
233 4361 397 4423 traducere
412 4359 516 4439 possit
541 4376 576 4421 ac
592 4369 739 4438 proterea
756 4361 901 4426 beneficii
954 4375 1060 4432 autem
1078 4367 1315 4448 possessionem
1331 4366 1472 4446 capiunt,
1485 4382 1556 4430 cum
1574 4365 1740 4428 ecelesiam

114 4477 213 4524 onera
229 4460 402 4524 sustinere.
420 4459 506 4522 ilino
522 4458 554 4520 in
573 4460 754 4536 beneficiis,
770 4478 809 4523 ex
825 4462 902 4540 qui·
954 4470 1192 4548 ingrediuntur.

115 4565 176 4626 trus
199 4561 372 4640 pensiones
387 4560 621 4634 detrahuntur,
639 4561 707 4623 sota
728 4561 831 4634 tertia,
848 4566 902 4624 aut
994 4570 1034 4632 ΙΙ,
1052 4591 1068 4626 ι
1083 4567 1146 4642 Qui
1166 4566 1405 4645 possessionem
1423 4564 1534 4626 tribuit
1552 4581 1657 4626 morus
1679 4562 1742 4624 ms.

115 4661 428 4728 dimidiaiructuum
455 4679 558 4741 persa
578 4661 729 4741 pontifice
746 4661 901 4726 reservari
956 4655 1056 4732 nister
1079 4677 1145 4741 est,
1174 4668 1228 4748 qai
1254 4684 1321 4730 rem
1348 4673 1444 4728 totam
1471 4665 1552 4742 gerit
1579 4665 1743 4728 collatoris

114 4765 211 4828 solol·
950 4773 1045 4852 jussu
1057 4766 1296 4834 etauctoritate.
1309 4765 1417 4839 Quare
1434 4763 1495 4827 lroc
1509 4771 1629 4825 larrium
1642 4771 1743 4836 curet,

156 4884 173 4920 ι
194 4862 399 4927 Catltedrales
419 4863 581 4938 ecclesias,
597 4878 669 4942 qum
685 4879 810 4926 annuos
840 4865 903 4928 du·
949 4879 990 4934 ut
1007 4869 1189 4934 collationis
1208 4867 1320 4930 titterae
1335 4867 1455 4928 exitum
1483 4872 1744 4942 consequentum

113 4973 204 5028 culos
233 4965 341 5038 mille,
367 4971 398 5028 et
426 4963 649 5042 parochiales,
676 4979 747 5044 quto
772 4973 901 5028 ceratum
955 4990 1059 5052 neque
1082 4969 1289 5049 eJosestjus
1306 4967 1470 5049 judicare,
1505 4983 1581 5027 num
1606 4964 1744 5026 clericus

115 5067 186 5129 suis
202 5065 360 5128 fructibus
378 5081 440 5127 noo
460 5073 627 5144 superant,
642 5063 785 5126 Trident.
802 5081 904 5144 syuo—
957 5071 1115 5134 beneficio
1141 5070 1278 5132 donatus
1302 5084 1341 5130 eo
1359 5068 1400 5128 sit
1420 5083 1530 5128 revera
1559 5065 1688 5141 dignus,
1703 5081 1743 5122 ιιι

114 5165 528 5246 dttspensionibusonerotl
540 5163 902 5243 retat.tTridrnt.,sess.
955 5189 1048 5236 secus
1063 5194 1071 5246 3
1087 5171 1149 5233 nisi
1177 5170 1237 5233 hoo
1254 5169 1336 5232 forto
1357 5167 1522 5246 negotium
1542 5165 1572 5226 ei
1594 5162 1744 5236 commis·v

114 5267 168 5344 st,
189 5285 217 5330 e.
234 5267 298 5346 13.)
318 5265 378 5330 Sed
399 5283 485 5329 nunc
511 5267 542 5328 in
568 5265 728 5346 parochiis
751 5268 904 5331 omnibus
955 5285 1026 5331 sum
1051 5265 1166 5340 fuerit,
1192 5266 1268 5347 quia
1300 5274 1374 5327 tunc
1404 5263 1534 5326 nonnisi
1560 5281 1592 5326 re
1615 5265 1741 5341 cognitu

115 5369 396 5434 indiscriminatim
411 5369 584 5448 pensiones
597 5384 660 5430 non
679 5369 903 5447 imponuntur,
957 5363 1102 5427 beneficii
1122 5361 1285 5440 possessio
1301 5360 1403 5424 darnda
1421 5369 1479 5424 est.
1501 5360 1598 5439 Capta
1615 5376 1743 5438 posses-

116 5468 329 5548 ulna-rochus
354 5465 902 5546 integroshabeatredditus,oum
956 5467 1067 5538 sione,
1104 5462 1161 5544 qui
1189 5457 1386 5526 'beneficium
1421 5461 1632 5524 obtinuerunt
1667 5475 1740 5522 cum

116 5565 903 5655 quinuspauperibasopemterrepossit.(ossan.
956 5584 1031 5630 cura
1057 5564 1255 5638 animarum,
1275 5561 1357 5624 intra
1374 5561 1457 5624 duos
1480 5561 1590 5624 saltam
1615 5577 1741 5624 menses

117 5667 208 5740 Xlll,
233 5674 336 5732 coust.
365 5667 502 5744 Quanto,
530 5667 612 5750 apud
642 5668 786 5732 Fnanan.
815 5671 902 5734 verb.
956 5685 1060 5732 coram
1090 5668 1258 5747 episcopo,
1283 5673 1339 5730 aut
1363 5665 1432 5746 eius
1459 5665 1576 5730 vicario
1600 5660 1741 5743 gesserat

117 5768 256 5852 Pensio.)
279 5769 470 5852 Quanquam
497 5775 603 5836 autam
629 5771 802 5852 pensiones
827 5789 901 5852 pro·
958 5769 1028 5834 iidei
1048 5766 1281 5848 professionem
1309 5783 1364 5846 por
1380 5765 1574 5840 sernstipsos
1592 5766 1738 5833 emittere

220 941 235 1014 5
255 941 334 999 l'.-
346 941 383 998 iis
398 941 579 1014 pensionibus
591 940 794 1000 ecclesiasticis.

954 3129 969 3202 l
987 3129 1031 3186 vt.
1046 3155 1082 3170 -
1096 3127 1135 3184 De
1150 3126 1327 3200 adipiscenda
1340 3124 1540 3182 beneilcicrum
1555 3121 1741 3194 possessione.
