4098 6448
321 363 372 430 ott

323 475 396 536 beat
417 465 645 536 commercium
663 464 697 528 in
718 463 864 540 crimine,
881 464 923 528 ob
941 467 1027 548 quod
1043 465 1107 529 luit

322 570 636 643 excommunicatust
656 573 744 630 extra
773 565 832 628 hos
847 583 940 628 casus
959 565 1108 647 nonjure

323 671 445 746 divino,
462 669 520 732 sed
533 664 689 731 canonico
710 669 833 730 tuntum
847 662 989 750 haretici
1005 662 1040 726 in
1055 681 1109 726 re·

324 771 387 834 bus
411 769 509 833 sacris
530 765 648 844 vitandi
672 772 759 830 sunt.
780 787 795 822 u
819 764 1109 845 (Sunonensem

322 874 430 936 ltoerct.
447 888 479 934 u.
496 870 580 949 mo.)

322 993 337 1065 fi
356 991 455 1050 1111-
469 989 507 1046 ue
518 988 687 1062 principibus
699 985 842 1044 catholicis
853 986 943 1058 quoad
955 985 1107 1044 lraereticos.

365 1115 412 1173 An
429 1107 593 1189 principes
611 1103 759 1169 catholici
787 1105 943 1183 recipere,
960 1101 1010 1164 rel
1030 1099 1109 1164 tole-

323 1229 395 1274 rare
412 1211 442 1272 in
460 1200 528 1271 suis
548 1205 717 1270 territoriis
744 1202 930 1277 hereticos,
953 1201 1004 1265 rel
1027 1199 1108 1263 ritus

325 1326 437 1374 cocum
450 1305 594 1388 possint?
612 1306 660 1367 An
676 1311 707 1367 et
723 1302 862 1384 qualiter
879 1300 1039 1380 principes
1052 1314 1108 1360 ca·

324 1409 435 1474 thotiei
459 1408 492 1470 in
507 1405 607 1482 bello,
627 1403 716 1484 quod
749 1400 940 1475 intenditur,
965 1397 1015 1462 rel
1036 1403 1110 1461 actu

321 1514 386 1588 jam
399 1509 531 1589 geritur,
548 1505 609 1568 sub
622 1511 709 1568 certo
724 1501 842 1566 iendere
854 1500 1011 1564 auxilium
1027 1514 1109 1577 prae·

324 1611 401 1674 bera
419 1605 588 1681 hereticis,
607 1612 662 1668 ant
676 1603 757 1666 istos
771 1601 805 1664 in
824 1600 981 1667 auxilium
996 1615 1109 1663 vacare

324 1715 433 1772 eontra
449 1704 541 1778 alios,
563 1701 739 1782 praesertim
761 1699 948 1776 catholicos,
964 1698 1016 1762 vel
1035 1716 1108 1762 cum

323 1808 390 1871 illis
412 1806 527 1880 loedus,
542 1812 576 1867 ut
593 1810 716 1876 cocant,
730 1799 946 1875 defensivum,
962 1808 995 1863 et
1007 1797 1110 1863 olien-

325 1907 432 1970 sivum
453 1904 534 1966 inire
545 1901 670 1984 possint
685 1901 725 1964 de
739 1907 854 1963 mutuo
869 1899 990 1962 auxilio
1001 1897 1110 1963 laren·

325 2011 367 2070 do
381 2009 488 2070 contra
499 2002 786 2084 quoscunquet«
803 1997 876 2063 Vide
890 1999 922 2062 id
940 1998 1013 2063 luse
1028 2013 1108 2064 eso·

325 2105 431 2169 lutum
451 2104 537 2185 apud
556 2105 718 2166 Scuuncs.
744 2103 789 2162 Dc
809 2102 977 2178 hereticis,
999 2115 1032 2166 n.
1049 2103 1108 2164 221

324 2205 475 2286 etseqq.l

598 2299 739 2362 chelis
775 2303 840 2358 111.

616 2395 655 2452 lle
667 2395 817 2454 schismate.

364 2508 532 2573 hereticis
558 2503 670 2571 aillues
700 2513 777 2569 sunt
804 2505 1013 2583 schismatici,
1041 2506 1107 2570 imo

324 2623 389 2672 non
405 2604 627 2686 infrequenter
636 2604 733 2667 etiam
748 2603 880 2668 haeresis
893 2605 952 2669 rei.
962 2605 1108 2669 Haeretici

323 2707 562 2781 nutabundam,
597 2704 793 2768 schismatici
826 2712 935 2769 contra
958 2705 1109 2770 Ecclesia

323 2808 479 2872 unitatem
496 2813 636 2886 peccant.

498 2919 514 2996 5
532 2921 552 2979 1.
566 2951 602 2964 -
614 2921 777 2981 Schismatis
795 2921 928 2979 delinitio.

361 3039 388 3101 l.
417 3037 595 3113 «Schisma,
626 3049 733 3116 aquo
767 3033 971 3110 schismatici,
1001 3037 1108 3101 Groeou

323 3152 399 3212 vox,
415 3135 499 3199 idem
515 3136 602 3217 quod
625 3135 763 3196 scissura
787 3133 959 3214 signilicat.
973 3137 1009 3198 ln
1026 3151 1109 3214 prra-

322 3235 407 3302 senti
421 3235 560 3299 sumitur
572 3252 628 3315 pro
653 3232 825 3308 scissione,
851 3231 900 3296 rel
927 3233 1107 3312 divisione,

323 3355 387 3422 qua
405 3355 440 3401 se
467 3335 600 3418 uliquis,
615 3336 665 3400 vel
678 3331 782 3418 aliqui
793 3335 945 3398 dividunt
972 3335 1013 3399 ab
1029 3337 1107 3400 uni-

324 3447 385 3503 tate
409 3435 572 3502 Ecclesia.
590 3437 626 3500 Et
637 3435 724 3513 hinc,
741 3436 819 3516 quia
834 3437 941 3500 unitas
957 3436 1108 3503 Ecclesia

322 3536 469 3601 consistit
481 3535 515 3598 in
528 3533 783 3610 conversatione,
795 3552 855 3597 seu
879 3534 1107 3601 communione

323 3637 544 3700 membrorum
575 3635 660 3700 inter
687 3651 736 3711 sa,
766 3642 835 3698 tum
863 3635 899 3699 in
931 3637 1046 3703 ordine
1068 3641 1108 3704 ad

322 3754 424 3801 uuum
440 3739 546 3815 capul,
563 3735 651 3816 quod
665 3741 713 3796 est
727 3731 884 3812 Christus,
902 3733 997 3817 cujus
1020 3735 1107 3800 vices

321 3839 404 3920 gerit
435 3852 583 3900 summus
598 3831 757 3915 pontifex,
792 3834 916 3899 scilicet
941 3842 976 3900 ιιι
991 3836 1025 3901 in
1042 3856 1107 3904 uua

321 3938 397 4002 ndei
422 3935 580 4012 doctrina,
600 3934 689 3999 cultu
718 3935 901 4016 religionis,
932 3937 1011 4003 etiu
1036 3939 1105 4022 spi-

321 4033 432 4099 rituali
460 4033 619 4115 regimine
634 4047 747 4096 omues
762 4032 874 4098 fidelos
890 4037 955 4099 sint
970 4038 1105 4120 subjecti

260 4197 263 4202 ,
321 4135 379 4202 nni
397 4135 493 4216 capiti
519 4133 681 4208 Ecclesia,
713 4151 829 4213 nempe
859 4137 1001 4201 Romano
1022 4153 1106 4219 pou·

320 4235 418 4299 silici:
439 4236 515 4299 bino
551 4235 768 4298 schismaticus
799 4236 927 4301 dicetur
955 4237 1022 4316 ille,
1048 4242 1106 4321 qui

320 4321 456 4402 subesse
476 4352 603 4399 summo
630 4333 786 4418 pontifici,
807 4345 838 4402 ct
871 4341 1023 4404 membris
1049 4343 1108 4408 Ec·

321 4437 430 4504 clasis
451 4437 500 4501 illi
528 4435 684 4519 subjectis
714 4441 954 4506 communicare
983 4446 1103 4510 renuit.

319 4539 429 4621 ipsum
454 4555 533 4603 aero
548 4539 682 4603 schisma
706 4540 833 4620 deliniri
860 4543 987 4622 poterit,
1017 4546 1104 4626 quod

319 4640 929 4716 sit'dirisio,sirediscessioabunitute
941 4645 1104 4724 Ecclesiae,

320 4745 482 4821 quatenus
511 4740 577 4805 haec
604 4749 653 4805 est
687 4757 803 4823 corpus
845 4745 1031 4826 mysticum,
1064 4765 1104 4811 ex

319 4838 484 4904 universis
498 4839 646 4906 fidelibus
663 4848 813 4924 tanquam
832 4845 983 4910 memhris
997 4855 1028 4911 et
1042 4850 1105 4914 lto·

319 4955 416 5005 mano
436 4941 582 5020 pontifice
607 4949 758 5024 tanquam
794 4947 899 5027 capita
924 4955 1102 5014 constant.»

318 5039 534 5120 (ttadoctores
549 5043 1101 5126 communitercumsancto'luoun,

316 5141 382 5215 Μ,
408 5147 521 5220 quest.
551 5141 602 5218 39,
617 5149 676 5208 nrt.
700 5143 793 5226 l.)-

356 5241 398 5302 ll.
415 5263 430 5298 ι
449 5241 590 5305 Schisma
611 5251 658 5307 est
683 5246 735 5309 via
759 5248 799 5311 ad
825 5248 993 5328 haeresim,
1019 5255 1102 5318 sicut

316 5341 450 5406 amissio
468 5343 629 5409 charitatis
646 5347 686 5409 ad
699 5349 907 5414 amissionem
921 5353 1007 5419 lrdei.
1026 5378 1042 5414 s

467 5463 481 5536 5
494 5463 524 5520 ll.
538 5494 573 5506 -
585 5463 740 5538 Quotuplcx
768 5471 803 5527 sit
821 5472 951 5531 schisma.

831 358 945 422 JURlS
959 357 1138 424 canumet
1154 357 1417 424 GOMPENDIUM.
1885 367 1929 432 tis
2015 397 2016 448 3

1165 462 1928 546 scilicetaliquisexsolamalitiaroluntatisnarr
2015 499 2016 542 ι

1154 564 1232 642 ‚vult
1247 581 1376 630 summo
1398 565 1539 644 pontifici
1554 582 1620 646 qna
1646 564 1700 628 tali
1723 565 1862 645 obedire,
1886 575 1928 638 rel

1163 666 1301 749 reliquis
1319 666 1472 732 membris
1497 668 1609 732 unitus
1624 683 1707 742 essa,
1724 675 1759 732 ιιι
1779 669 1807 731 si
1822 679 1928 740 certum

1163 766 1296 848 aliquod
1309 783 1445 849 reguum
1460 766 1636 830 constituat
1650 765 1713 830 sibi
1729 767 1929 850 archiepisco·
2015 813 2016 824 .

1093 895 1097 906 ·
1163 885 1254 948 pum,
1271 867 1322 934 nel
1344 867 1567 957 patriercham,
1591 866 1646 932 cui
1668 867 1700 930 iu
1725 869 1930 948 spiritualibus
2015 909 2016 948 r

1163 968 1304 1043 obediat,
1316 976 1372 1032 aut
1389 968 1472 1034 alios
1488 967 1648 1050 speciales
1662 967 1827 1049 religionis
1838 973 1931 1036 cultas
2015 961 2016 1054 ᾗ

1162 1068 1202 1130 ab
1221 1068 1363 1132 Ecclesia
1380 1069 1566 1150 reprobatos
1581 1068 1743 1141 adhibeat,
1758 1074 1790 1130 et
1808 1085 1867 1134 non
1879 1071 1930 1135 ob·
2015 1065 2016 1106 Ῑ

1163 1174 1318 1248 temperet
1332 1168 1488 1232 mandatis
1500 1168 1659 1249 pontilicis
1670 1168 1826 1250 quamlis,
1838 1186 1931 1250 quam
2015 1159 2016 1252 f

1164 1269 1471 1336 viscecetereuon
1488 1272 1813 1351 negetpcntincatum
1826 1271 1929 1334 Bouar-

1164 1386 1254 1445 num,
1284 1370 1334 1434 rel
1359 1369 1441 1434 alios
1462 1371 1537 1434 lidei
1563 1370 1730 1434 articulos.
1751 1403 1790 1416 —
1809 1369 1931 1434 satim

1163 1470 1365 1552 conjunctum
1378 1489 1449 1536 cnm
1465 1473 1577 1538 heresi
1591 1478 1652 1545 est,
1668 1471 1757 1552 quod
1772 1477 1879 1551 preter
1889 1488 1932 1536 se·

1164 1571 1362 1651 parationem
1376 1572 1417 1637 ab
1430 1572 1574 1640 Ecclesia
1592 1573 1727 1652 insuper
1744 1571 1778 1636 in
1801 1572 1857 1636 bdc
1877 1573 1933 1636 dis·
2015 1577 2016 1664 ᾗ

1163 1672 1275 1746 scutit,
1300 1680 1336 1734 ut
1352 1675 1429 1754 quia
1451 1679 1546 1753 negat
1564 1673 1747 1752 pontificem
1770 1673 1930 1736 Romanum

1164 1788 1236 1836 esse
1263 1772 1377 1836 Christi
1401 1773 1578 1848 ricarium,
1605 1780 1637 1837 et
1660 1771 1814 1838 Ecclesia
1834 1784 1930 1853 caput,
2015 1797 2016 1802 ¹

1163 1873 1214 1936 vel
1229 1873 1464 1942 Eucharistiam
1482 1874 1625 1957 legitime
1640 1873 1796 1938 distribui
1808 1874 1866 1938 sub
1881 1891 1930 1938 ιιιιι
2015 1893 2016 1920 1

1163 1975 1284 2064 spacia,
1305 1982 1366 2040 etc.
2015 2033 2016 2044 ,

1204 2097 1220 2134 a
1237 2077 1376 2142 Praetice
1391 2078 1524 2160 quidem
1539 2081 1593 2142 vix
1605 2095 1747 2162 umqum
1762 2077 1831 2142 dari
1846 2085 1931 2158 potest
2015 2083 2016 2144 Ξ

1164 2191 1280 2254 purum
1299 2175 1449 2242 schisma.

1194 2327 1195 2330 ¹
1223 2340 1237 2416 1
1254 2341 1301 2400 111.
1317 2342 1483 2414 -Quinam
1505 2345 1561 2403 sint
1573 2345 1684 2418 proprie
1702 2344 1874 2402 schismatici.

1202 2495 1219 2532 ι
1235 2474 1328 2540 Tales
1342 2483 1420 2540 sunt
1434 2475 1459 2540 il
1470 2476 1636 2554 duntaxat,
1651 2475 1710 2559 qui
1733 2478 1882 2543 recedunt
1892 2480 1930 2542 rel
2015 2457 2016 2488 ³

1162 2589 1319 2639 asummu
1334 2577 1497 2657 pontifice,
1514 2579 1546 2642 ei
1561 2578 1928 2660 negandorererentiam,
2015 2609 2016 2652 ι

1162 2682 1194 2740 ει
1216 2675 1434 2742 obedientiam
1448 2679 1609 2756 debitam,
1635 2681 1685 2746 rel
1703 2698 1722 2744 a
1741 2683 1863 2746 ceteris
1881 2684 1930 2746 lic·
2015 2685 2016 2742 1

1162 2776 1272 2840 elesio
1287 2778 1440 2842 membris
1453 2781 1591 2844 seorsim
1612 2783 1798 2859 orationes,
1810 2783 1929 2865 jejunia,
2015 2819 2016 2862 ι

1163 2883 1194 2942 ει
1208 2877 1289 2942 alias
1311 2877 1497 2946 functiones
1518 2882 1723 2962 spirituales,
1746 2891 1888 2966 tanquan
1907 2887 1929 2948 si
2015 2885 2016 2890 ’

1163 2984 1273 3054 esseut
1285 2995 1402 3059 corpus
1416 2996 1436 3044 a
1450 2980 1575 3064 reliqua
1588 2985 1733 3048 Ecclesia
1747 2984 1928 3062 distinctum,
2015 3033 2016 3082 ;

1163 3078 1354 3141 exercendo.
1378 3099 1395 3139 a
2015 3087 2016 3114 l

1204 3197 1219 3235 a
1237 3180 1343 3242 Potest
1364 3187 1472 3244 autem
1487 3181 1548 3246 hoc
1560 3183 1626 3247 beri
1643 3183 1780 3260 directe,
1800 3185 1846 3248 sel
1862 3184 1930 3247 indi·
2015 3255 2016 3258 Ἴ

1164 3284 1259 3342 recte.
1269 3277 1395 3342 Dircctc
1408 3297 1443 3344 se
1461 3281 1629 3348 diriditab
1644 3282 1772 3348 unitate
1786 3284 1929 3358 Ecclesie,
2015 3357 2016 3366 ἵ

1163 3376 1221 3458 qni
1237 3395 1390 3458 expresse
1406 3388 1437 3445 et
1462 3381 1643 3448 formaliter
1658 3384 1800 3449 intendit
1818 3403 1875 3450 non
1889 3404 1929 3448 rr·
2015 3377 2016 3380 ’

1162 3490 1357 3556 cognoscere
1379 3481 1573 3560 pontificem,
1597 3491 1633 3548 ιιι
1654 3485 1856 3564 superiorem
1871 3509 1878 3548 :
1891 3487 1930 3548 iu·

1162 3575 1291 3652 directe,
1307 3577 1364 3659 qui
1375 3576 1457 3643 laeto
1472 3582 1544 3660 ipso
1556 3583 1698 3646 ostendit
1713 3601 1782 3649 nou
1799 3602 1932 3666 recogno
2015 3569 2016 3580 ¹

1162 3691 1263 3752 scere,
1284 3677 1362 3740 dum
1378 3679 1421 3742 ita
1440 3696 1475 3742 se
1495 3682 1591 3761 gerit,
1606 3683 1681 3745 acsi
1701 3682 1863 3764 subjectus
1877 3701 1928 3747 non
2015 3753 2016 3766 χ

1162 3783 1259 3839 esset.
1276 3775 1315 3841 Et
1335 3776 1416 3842 tales
1435 3788 1610 3845 censentur
1628 3799 1700 3846 essa
1717 3805 1725 3846 ε
1744 3785 1776 3847 1.
1788 3783 1847 3861 Qui
1862 3801 1928 3865 pra-

1162 3885 1296 3940 sumunt
1316 3878 1438 3959 absque
1465 3881 1572 3946 debita
1596 3885 1788 3949 auctoritate
1811 3901 1929 3966 congre·

1161 3991 1236 4056 gare
1251 3979 1425 4042 concilium
1443 3980 1640 4059 universale,
1656 3995 1710 4046 aut
1724 3984 1733 4046 i
1739 4001 1846 4064 psum,
1854 3995 1929 4064 post-

1161 4093 1258 4156 qurum
1277 4095 1334 4158 per
1348 4078 1522 4160 legitimam
1537 4082 1762 4148 anctoritatem
1776 4093 1823 4148 est
1838 4084 1926 4147 diseo·
1951 4143 1960 4170 ,
2015 4089 2016 4096 ’

1162 4177 1277 4253 lutum,
1294 4189 1572 4262 prosequuntur...
1593 4207 1610 4243 s

1198 4280 1229 4344 1.
1245 4279 1308 4355 Qui
1323 4281 1486 4360 appellant
1500 4301 1518 4347 a
1533 4287 1691 4349 sententia
1701 4287 1824 4351 summi
1840 4289 1929 4368 ponti·
2015 4271 2016 4336 Ϊ

1161 4379 1228 4444 licis
1242 4380 1280 4443 ad
1295 4381 1469 4446 concilium
1484 4384 1645 4464 generale.

1198 4480 1229 4543 11.
1242 4481 1304 4557 Qui
1323 4482 1388 4564 regi
1403 4481 1502 4547 alicui
1520 4487 1569 4547 tel
1587 4486 1778 4566 imperatori
1794 4489 1928 4552 exhibent
2015 4531 2016 4576 3

1159 4582 1353 4647 obedientie
1361 4583 1465 4666 signs,
1477 4586 1598 4668 quibus
1607 4593 1766 4653 testantur
1781 4607 1853 4656 eum
1869 4607 1928 4654 esse

1159 4681 1277 4746 Christi
1297 4684 1454 4749 vicarium
1476 4687 1509 4750 in
1535 4687 1772 4767 spiritualibus,
1797 4689 1928 4773 quamvis
2015 4687 2016 4704 ¹

1158 4780 1294 4846 interius
1306 4784 1354 4848 sic
1366 4801 1438 4848 esse
1454 4785 1545 4852 nullo
1562 4788 1656 4850 modo
1672 4790 1815 4854 credant.
2015 4785 2016 4788 ’

1155 4900 1235 4975 W·
1253 4904 1373 4973 -Quid
1391 4906 1552 4976 requiratur,
1584 4915 1614 4963 nt
1632 4907 1731 4980 aliquis
1748 4909 1856 4966 dimine
1874 4923 1927 4965 rere
2015 4947 2016 4956 .

1421 4977 1622 5035 schismaticus.

1156 5131 1159 5146 .
1198 5088 1222 5150 l.
1246 5089 1447 5170 Requiritur‚
1477 5097 1512 5153 ut
1537 5092 1664 5155 recedat
1687 5093 1728 5156 ab
1757 5093 1924 5158 obedientia

1157 5188 1276 5251 summi
1295 5190 1463 5268 pontilicis,
1473 5199 1504 5254 et
1514 5193 1741 5257 communione
1754 5203 1924 5259 caeterorum

1157 5289 1301 5354 fidelium
1317 5306 1382 5370 qua
1397 5290 1521 5356 talium.

1194 5394 1235 5455 ll.
1251 5392 1289 5454 Ut
1306 5391 1359 5454 hic
1375 5409 1521 5456 recessus
1533 5392 1666 5474 junctus
1682 5397 1726 5458 sit
1743 5414 1815 5460 curn
1835 5397 1923 5478 perti·

1156 5493 1351 5574 naciaeqnia
1368 5491 1635 5558 schismatorum
1656 5503 1705 5560 est
1720 5497 1860 5578 quedam
1879 5514 1921 5560 re·

353 5572 497 5638 Schisma
519 5573 608 5658 aliud
623 5585 671 5641 est
696 5596 826 5658 purum,
850 5583 940 5648 alind
967 5589 1102 5670 conjuns
1155 5592 1255 5658 bellio
1279 5579 1313 5656 in
1342 5611 1505 5684 summum
1528 5596 1730 5676 pontillceur,
1751 5599 1800 5663 rel
1828 5596 1922 5662 Eccle

315 5682 399 5737 ctum
424 5693 496 5738 cum
522 5678 648 5744 hmresi.
671 5683 863 5745 —Sclriame
889 5704 1008 5766 purum
1035 5708 1100 5754 non

314 5775 583 5855 opponitnrlidei,
594 5780 651 5856 sed
665 5779 819 5868 charitati,
835 5791 865 5848 ει
878 5787 958 5867 paci,
969 5791 1098 5868 quando

1156 5711 1248 5756 sraur.

1196 5797 1251 5870 111.
1267 5799 1305 5860 111
1322 5798 1406 5864 idem
1428 5816 1573 5864 recessus
1587 5801 1639 5864 liat
1654 5804 1758 5882 quoad
1776 5801 1844 5882 illa,
1860 5817 1921 5883 qno
