4098 6448
97 439 151 506 llil
231 432 458 502 Plestina
477 435 662 516 DELICTIS,
678 439 927 507 odnsnnlstlt
940 441 1074 512 POENIS.
1103 449 1224 512 -Llls
1240 451 1317 516 xlv.
1333 451 1382 513 DE
1401 393 1586 516 onllclls.
1671 453 1727 520 958

98 549 260 630 duplicem
282 565 405 630 poenam
424 547 564 630 perferre
579 557 762 630 cogeretur.
776 552 889 615 Eccle·
941 555 1120 620 orediteum
1132 565 1239 623 mente
1254 567 1286 624 el
1301 561 1409 623 animo
1422 561 1618 625 recessisset
1629 559 1724 624 lide.»

98 648 147 710 sia
162 647 264 726 igiiul·
277 647 342 710 sibi
361 648 419 711 tini
450 648 626 711 reservavit
643 648 808 712 inieliolis
827 646 888 712 ioli
940 655 1154 736 (Scaurum.
1171 659 1214 722 nr
1228 661 1395 740 apostatis,
1412 678 1443 726 n.
1465 660 1509 743 is.)

95 744 271 824 iodicium,
295 748 483 824 potestatem
508 744 692 808 aulemlori
720 747 889 810 exterioris
978 758 1361 836 ffincltenedtcrusxrv,
1378 762 1726 842 bulla,1erer0mutpe·

100 843 198 906 eliam
215 841 302 906 iiiiii
318 841 503 921 iiipubiiiffl
525 843 681 923 permisit,
693 844 727 925 {Si
741 845 809 924 59⁵⁸
826 845 891 924 pri·
939 877 1009 935 nos,
1034 878 1087 934 an,
1105 863 1194 937 litt,
1216 863 1381 942 probibuit
1408 874 1604 929 sacramenia
1625 866 1726 929 admi-

100 941 304 1008 mdmdehis
321 943 889 1025 criminibtltjttdidiuminsiiilltlii·
941 959 1077 1024 nistrare
1103 961 1293 1026 Christianis
1320 964 1354 1027 in
1382 965 1556 1027 Turrcarum
1589 965 1725 1044 imperio

100 1046 199 1106 modo
227 1051 334 1107 tamen
353 1059 418 1106 non
436 1043 503 1106 sint
530 1043 668 1108 admissa
694 1062 712 1108 a
740 1043 890 1125 personis
941 1058 1226 1136 commorantibus,
1252 1061 1308 1141 qui
1340 1062 1527 1140 religionem
1560 1062 1724 1138 simulant,

100 1141 344 1220 ecclesiasticis,
367 1161 439 1226 qum
460 1161 588 1224 semper
608 1144 747 1226 judicari
769 1144 891 1209 debent
941 1161 1038 1236 atque
1069 1157 1309 1222 uthlahumete
1340 1160 1522 1236 rideantur,
1546 1177 1726 1241 eorumque

99 1245 141 1307 ab
154 1243 370 1307 ecclesiastico
393 1245 534 1324 judice.»
547 1244 605 1326 (lta
621 1246 757 1323 baron,
774 1248 829 1311 iib.
844 1269 888 1319 rr,
936 1251 1067 1333 juribus
1077 1272 1113 1317 oc
1127 1256 1303 1336 privilegiis
1324 1258 1444 1337 perlroi
1461 1257 1596 1338 possint,
1613 1275 1724 1323 eorum

101 1345 152 1404 lit.
172 1341 222 1424 ιι.)
234 1375 273 1392 -
287 1345 377 1410 Nunc
395 1343 568 1409 dicendum
583 1353 632 1411 est
647 1347 687 1411 de
709 1347 835 1415 delictis
854 1351 889 1416 in
940 1353 1058 1433 templa
1079 1352 1296 1433 frequentant,
1314 1371 1431 1418 nomen
1446 1362 1613 1420 assumunt
1638 1357 1726 1438 quod

99 1443 223 1524 specie.
941 1454 1105 1533 proprium
1146 1461 1194 1518 est
1221 1454 1493 1532 blahumetarum,
1525 1456 1626 1520 aliare
1656 1474 1726 1535 por·

415 1599 531 1659 capili
548 1598 571 1658 n
938 1553 1726 1633 agunt,qoibusinfidelesdistingounlur,tametsi

572 1641 581 1660 ‘
939 1651 1017 1716 lidos
1033 1655 1141 1718 animo
1157 1655 1344 1720 retineatur.

314 1712 355 1769 Di
376 1717 512 1787 ‘'imm'‘
528 1725 553 1772 θ’
573 1717 677 1776 ''ff'i'i-
979 1752 1038 1815 lll.
1068 1756 1230 1834 apostata
1261 1754 1347 1831 fidei,
1371 1753 1551 1835 horumque
1577 1753 1727 1828 lautores,

233 1843 242 1860 ¹
334 1819 349 1894 i
368 1822 390 1878 ¹·
405 1851 441 1865 ··
455 1823 495 1880 ⁰⁰
508 1825 657 1896 ²ll⁰ii²⁵ib
939 1860 1169 1932 receptatores,
1185 1864 1261 1932 etc,
1278 1856 1446 1920 incurrunt
1469 1855 1730 1940 excommunica-

144 1955 172 2018 Ι.
192 1977 207 2012 a
226 1957 398 2035 Apostosia
423 1957 568 2019 Graecum
584 1963 632 2020 ost
656 1975 787 2035 nomen,
802 1959 888 2042 quud
940 1951 1075 2026 tionem,
1102 1961 1134 2017 et
1160 1963 1292 2017 celeras
1321 1971 1441 2033 prunas,
1465 1971 1546 2034 quas
1561 1954 1729 2017 incurrunt

100 2050 217 2116 Latine
243 2053 401 2132 siguificat
439 2041 657 2136 desectionem
683 2065 715 2120 et
738 2067 891 2138 apostate
939 2050 1092 2128 hfflieiicia
1110 2059 1141 2117 el
1156 2053 1269 2116 hoium
1286 2051 1441 2131 filii⁰i⁰⁸2
1458 2051 1592 2132 θῑθὲίΕῐ
1608 2051 1730 2116 ⁰·0011·

101 2161 182 2214 suunt
198 2153 254 2233 qui
271 2153 400 2233 penitus
423 2155 636 2220 achristiana
659 2157 816 2238 religione
834 2178 891 2240 per
940 2159 990 2214 ira
1004 2153 1054 2224 13.
1068 2152 1114 2213 De
1126 2152 1232 2214 ilmi-
1249 2153 1281 2215 iu
1296 2151 1342 2234 6.)

103 2253 300 2330 baptismum
333 2260 481 2332 suscepta
519 2253 719 2319 deiecerunt.
754 2257 793 2321 Ul
814 2273 890 2322 vero
980 2249 1729 2332 iV·Dtcnotinit'to{reiigiontdioiumttiiii

101 2353 332 2431 quisapostatu
357 2352 524 2428 baboator,
541 2355 661 2420 suflicit
688 2359 774 2439 quod
798 2358 892 2422 Cbri·
941 2349 1079 2425 lib-viil.
1098 2341 1361 2432 Dercpuiorihus,
1377 2370 1446 2430 cap.
1461 2352 1569 2417 XXH·

100 2452 238 2516 stianam
265 2453 453 2532 religionem
479 2453 679 2530 deseruerit,
705 2473 889 2537 quanquam
980 2451 1019 2514 V·
1035 2449 1149 2513 Clerici
1165 2448 1729 2534 eiiomiilistssliihlillisili0ie¹i⁰i⁰
1778 2455 1780 2462 ⁴

103 2551 144 2614 ad
171 2551 263 2614 aliam
281 2568 346 2616 non
366 2551 541 2616 transierit.
564 2553 642 2619 Nam
666 2556 806 2636 alisqui
835 2556 892 2620 ab·
941 2547 1056 2614 ordine
1070 2547 1236 2625 elhobito,
1258 2567 1275 2612 a
1297 2548 1454 2612 clericalis
1486 2549 1559 2611 rite
1580 2549 1730 2616 instituto

98 2649 185 2731 iacta
200 2650 550 2731 Christianareligiono
574 2654 667 2718 htbei
693 2654 752 2738 (rel
777 2655 891 2736 beisti)
941 2648 1094 2712 deficiunt
1118 2654 1150 2712 et
1171 2649 1257 2728 quod
1289 2648 1442 2712 laicorum
1472 2655 1522 2710 est
1553 2651 1730 2728 proprioru,

102 2747 177 2810 laeli
203 2754 292 2824 sont,
319 2756 472 2826 apostatas
499 2747 674 2823 habentur,
703 2767 890 2832 quanquam
942 2747 1014 2810 rite
1042 2763 1144 2826 genus
1163 2746 1367 2824 suscipiunl,
1386 2747 1470 2815 inter
1488 2753 1650 2823 apostatas
1679 2767 1729 2813 ro·

103 2847 194 2910 nulla
213 2849 292 2926 ipsis
307 2848 420 2928 religio
431 2848 486 2922 sit,
508 2865 604 2928 quam
626 2859 813 2930 sequantur.
830 2852 891 2915 La-
942 2855 1126 2912 censentur.
1137 2846 1176 2910 lli
1196 2845 1379 2926 plectuntur
1393 2861 1484 2925 poena
1507 2847 1730 2908 excommoni-

106 2951 187 3010 liore
207 2963 304 3012 senso
337 2946 423 3012 inter
447 2955 607 3028 apostolas
642 2950 893 3014 recensebantur
943 2947 1092 3021 cationis,
1108 2963 1181 3028 que
1196 2946 1266 3008 lale
1284 2944 1453 3008 sententies
1477 2946 1566 3009 estsi
1594 2945 1731 3010 clericus

104 3048 201 3110 etiarn
212 3044 446 3120 catechumeni,
461 3046 517 3127 qui
534 3045 892 3112 catechesimdeseren-
943 3050 1084 3122 apostata
1096 3041 1336 3106 matrimonium
1360 3041 1730 3119 contraxeritidlemenl.

106 3152 155 3208 tes
167 3144 205 3220 od
220 3145 353 3208 deorum
372 3144 488 3222 templa
503 3143 692 3220 transibant,
708 3162 891 3226 quanquam
944 3143 1031 3208 onie.
1049 3143 1095 3204 De
1118 3141 1377 3222 eoasuupuinit.);
1396 3141 1476 3204 liunt
1495 3140 1631 3206 infames
1647 3142 1730 3224 (con.

106 3245 336 3323 baptizatorum
365 3245 524 3324 apostasia
550 3245 708 3317 deterior,
725 3263 821 3324 quam
837 3264 892 3310 oa·
941 3241 993 3313 23,
1014 3258 1108 3305 causa
1120 3243 1151 3314 2,
1169 3247 1283 3322 quest.
1297 3240 1329 3312 l,
1341 3241 1451 3313 cani,
1465 3257 1557 3302 causa
1569 3241 1600 3314 3,
1616 3248 1730 3321 quest.

105 3342 370 3407 tecbumeoorum
387 3344 570 3408 baberetur.
587 3365 603 3403 ι
622 3343 891 3424 (Derorr,lib.1v,
943 3341 974 3422 ic)
989 3358 998 3416 ;
1014 3350 1044 3403 et
1060 3341 1252 3420 irregulares
1273 3340 1323 3419 (ex
1339 3339 1480 3416 intumis)
1500 3340 1650 3404 amittunt
1669 3339 1735 3418 pri·

107 3444 157 3508 tit.
176 3443 235 3524 xxx.)
945 3442 1059 3520 vilegio
1082 3441 1270 3505 clericatus.
1292 3437 1342 3520 (C.
1369 3439 1409 3500 23
1422 3448 1453 3501 et
1470 3441 1509 3502 25
1527 3441 1570 3500 De
1582 3449 1660 3502 rent.
1673 3457 1731 3500 cc-

146 3545 188 3606 ll.
201 3543 318 3607 Tribus
330 3543 434 3608 modis
447 3549 551 3625 potest
561 3544 636 3624 quis
648 3562 720 3608 esse
731 3551 892 3624 apostatas
944 3540 1066 3620 comm.)
1081 3540 1121 3601 Et
1132 3537 1251 3601 frustra
1267 3538 1379 3601 monili
1396 3539 1436 3602 ab
1451 3537 1602 3617 episcopo
1616 3539 1649 3600 in
1663 3557 1732 3601 ear-

106 3640 137 3703 1.
153 3663 168 3699 ι
182 3639 318 3716 Quando
332 3641 407 3721 quis
423 3648 531 3704 mente
552 3640 621 3705 sola
642 3642 760 3705 recedit
784 3661 802 3706 a
832 3644 893 3708 lide
945 3656 1034 3704 ceres
1047 3635 1238 3720 conjiciendi
1265 3643 1352 3700 sunt.
1371 3636 1419 3718 (C.
1435 3638 1466 3711 b,
1484 3636 1527 3698 De
1543 3639 1691 3717 apostol.)

106 3741 262 3804 catholica
285 3756 379 3821 :quo
409 3751 484 3804 casu
518 3741 647 3820 quidem
669 3741 788 3820 aliquis
819 3759 896 3822 apo·

104 3847 190 3902 stata
203 3839 410 3902 constituitur
434 3856 539 3903 coram
558 3841 638 3915 Deo,
657 3855 763 3922 prauos
789 3850 894 3905 tamen

102 3937 189 4016 juris
209 3953 273 3999 non
289 3937 466 4013 coenobita
494 3937 571 4017 quia
586 3944 633 4000 est
656 3946 818 4015 placentum
844 3937 895 4002 in·
985 3936 1010 4001 l.
1029 3939 1159 4000 Heresis
1188 3937 1332 4000 Grecom
1358 3955 1488 4013 nomen,
1506 3947 1591 4018 quod
1608 3939 1731 4000 hatthus

107 4041 199 4098 terne
214 4037 566 4114 lantumpolratum,de
582 4053 648 4114 quo
663 4036 805 4100 Ecclesia
827 4053 894 4100 non
946 4035 1121 4099 eiectionem
1149 4037 1316 4116 significat,
1339 4036 1370 4099 in
1399 4036 1561 4100 commoni
1577 4036 1730 4098 Ecclesia

106 4140 214 4213 potest
228 4148 433 4211 cognoscere.
444 4166 484 4181 -
497 4135 528 4196 Ξ.
550 4131 685 4208 Quando
701 4134 774 4214 quis
789 4142 895 4200 mente
944 4138 1130 4215 acceptioue
1149 4137 1181 4200 in
1213 4137 1356 4200 deterius
1372 4144 1478 4211 sonet,
1493 4142 1524 4199 et
1542 4135 1730 4199 electionem

105 4231 219 4306 simul,
235 4242 266 4295 et
282 4233 398 4307 uerbis,
425 4233 474 4296 rei
486 4233 578 4297 iactis
594 4235 688 4297 iidem
705 4233 893 4300 catholicam
945 4249 1010 4296 oon
1030 4251 1271 4315 quamcunque,
1300 4234 1357 4298 sed
1374 4235 1489 4299 malam
1518 4241 1549 4296 et
1565 4248 1729 4298 erroneam

105 4332 248 4409 deseril3
263 4333 349 4412 quod
362 4333 429 4396 lieri
441 4332 600 4413 potestrcl
612 4334 892 4410 omninoocculle,
946 4334 1027 4398 circa
1050 4336 1121 4398 fidei
1137 4337 1315 4400 doctrinam
1335 4337 1465 4400 indicet.
1482 4339 1606 4418 Duplex
1623 4343 1730 4399 autern

105 4431 151 4496 ila
181 4440 213 4494 ot
241 4447 335 4496 nemo
357 4432 510 4496 delictum
555 4431 645 4495 illius
674 4435 815 4510 uoueril;
844 4434 895 4497 rel
945 4431 1104 4496 diuiditur
1131 4434 1274 4507 heresis,
1293 4435 1354 4498 aliu
1374 4434 1636 4510 materialie,alia
1663 4432 1731 4495 ior·

106 4533 290 4603 manifeste,
306 4540 337 4596 et
364 4532 407 4596 ita
438 4540 473 4596 ut
488 4533 596 4610 plures
613 4531 668 4595 alii
695 4542 893 4613 compertum
947 4533 1051 4596 malis.
1067 4532 1296 4594 -llaurtolta
1326 4542 1387 4608 est,
1414 4535 1545 4612 quando
1575 4533 1648 4612 quis
1667 4549 1730 4596 non

106 4632 257 4699 habeant.
273 4635 414 4714 Utroque
430 4634 524 4696 modo
535 4635 740 4697 commissum
757 4633 817 4698 boc
832 4634 895 4698 cri·
945 4632 1029 4697 melo
1044 4633 1163 4707 auimo,
1191 4642 1245 4696 aut
1260 4651 1298 4698 ex
1315 4633 1498 4713 pertinacia,
1514 4633 1568 4696 sed
1585 4651 1623 4696 ex
1648 4630 1728 4694 siru-

106 4751 183 4797 men
198 4741 360 4800 auctorem
387 4747 483 4794 soum
499 4732 653 4814 ipsojure
671 4733 894 4798 excommuni-
948 4734 1099 4814 plicilate,
1124 4741 1178 4797 aut
1200 4734 1325 4798 delectu
1344 4733 1459 4798 debitae
1480 4732 1730 4808 iniorruationis,

105 4832 247 4908 catione,
276 4840 307 4896 et
332 4828 404 4894 aliis
437 4831 539 4910 posuis
565 4849 583 4894 a
614 4831 688 4910 J'ure
711 4831 895 4896 constitutis
945 4833 995 4896 rei
1026 4833 1204 4913 expositive
1232 4833 1361 4898 sinistra
1388 4831 1630 4908 informatione,
1646 4839 1731 4896 errat

105 4929 894 5010 afficit-nouandoquisverbisuurum.aut
945 4935 1027 4999 circa
1061 4935 1166 4999 iidem.
1190 4935 1266 4999 flac
1301 4935 1431 5000 heresis
1464 4935 1635 4998 materialia
1663 4949 1727 4998 non

105 5031 212 5103 iactis,
228 5047 291 5094 non
305 5029 896 5094 lamenanimodesciscilafidecotbo·
945 5043 994 5100 ust
1020 5038 1059 5102 de
1076 5055 1112 5103 se
1140 5048 1320 5118 peccalum,
1346 5055 1405 5102 nec
1422 5045 1657 5118 cousequenter
1680 5037 1730 5099 tn.

107 5133 170 5194 lica
186 5139 217 5194 el
242 5131 293 5194 hic
310 5131 506 5212 probabilius
539 5133 573 5196 in
594 5132 664 5195 lore
688 5135 895 5196 conscientie
945 5140 1040 5204 curru
1054 5138 1439 5220 penascoouabasrestu
1453 5137 1617 5201 formalem
1637 5136 1727 5199 laus.

107 5247 175 5294 arou
202 5231 339 5295 afficitur
366 5232 711 5307 excommunicatione,
739 5241 795 5298 aut
820 5234 893 5298 aliis
944 5238 1417 5301 -Formoliseslroluntarius
1442 5237 1625 5316 etperlioax
1641 5251 1729 5298 error

108 5335 326 5408 apostatarum
340 5331 459 5411 prenisc
475 5331 549 5411 quio
560 5329 743 5406 hereticus,
757 5342 896 5414 aolapo-
945 5344 1054 5401 contra
1073 5337 1213 5418 aliquam
1230 5337 1393 5401 veritatem
1409 5337 1480 5401 idei
1495 5335 1682 5402 Christiane
1695 5335 1726 5396 iu

108 5433 190 5490 stela
214 5427 695 5508 nemoest,nisiquiscieuter
717 5437 748 5493 et
777 5441 893 5513 sponte
944 5453 1006 5510 eo,
1044 5438 1098 5517 qui
1131 5437 1213 5500 hanc
1243 5438 1397 5515 suscepit.
1434 5435 1489 5518 (lla
1520 5435 1559 5498 ad
1588 5440 1726 5498 meoleur

108 5525 250 5590 animoa
266 5525 340 5599 fide,
355 5533 386 5590 el
400 5525 555 5606 religiono
570 5528 724 5593 catholica
741 5529 893 5600 discedit.
945 5538 976 5601 S.
992 5537 1133 5616 August.
1145 5543 1176 5599 et
1191 5551 1304 5598 omnes
1317 5535 1489 5614 doctores.)

110 5625 147 5687 ln
163 5623 235 5688 loro
260 5630 368 5688 tamen
402 5627 552 5691 exteriori
569 5637 719 5692 censetor
739 5636 893 5710 apostata,
985 5657 1000 5694 a
1030 5635 1169 5698 Heresis
1185 5634 1358 5701 materialis
1372 5637 1494 5696 lantum
1511 5635 1558 5694 est
1572 5643 1661 5692 error
1675 5625 1726 5690 in·

110 5741 148 5787 uc
168 5723 313 5804 proinde,
328 5731 480 5807 tanquam
504 5728 684 5802 hereticos,
699 5737 730 5794 et
751 5743 895 5812 apostata
944 5729 1728 5816 tellectus3{ormolirprtetercrroremintellectus

111 5823 295 5904 prunitcrab
309 5825 462 5904 Ecclesia,
483 5833 674 5910 utpoteqoe
687 5831 895 5913 probabiliter
945 5835 987 5904 ob
1005 5835 1225 5920 pertinaciam,
1240 5836 1356 5902 dieitur
1378 5836 1473 5901 ctiam
1500 5840 1664 5902 peccatum
1692 5827 1727 5896 io

1086 3803 1102 3877 ς
1123 3803 1155 3861 ΙΙ.
1169 3833 1206 3848 -
1219 3803 1258 3861 [ie
1273 3804 1411 3861 hereticis
1427 3804 1591 3878 reuersum.
