4046 6460
146 389 202 458 311
384 394 1439 481 66116161.6666660666-616.11116611661166616115,
1458 405 1539 469 ETG.
1719 406 1773 473 316

146 503 296 567 struendi
312 504 467 568 moniales
491 505 526 568 in
551 522 631 570 sono
650 512 682 571 et
713 514 819 584 cantu,
835 507 932 572 etiam
991 511 1197 587 monialium,
1208 514 1266 577 sed
1281 513 1315 576 in
1325 514 1477 594 exteriori
1494 515 1638 596 ipsarum
1668 519 1772 584 eccla·

147 603 189 666 ad
208 611 310 666 crates
319 621 330 680 ;
343 620 424 667 sacr.
443 620 554 685 congr.
572 605 681 684 Episc.
697 626 713 666 6
729 605 806 668 ibid.
822 623 855 670 n.
881 606 933 668 66.
989 612 1051 674 sia.
1065 611 1159 691 (ibid.
1176 631 1208 675 n.
1223 616 1261 677 59
1276 613 1385 691 attio.)

187 705 439 768 1166166166]
460 707 637 769 concedere
661 722 718 783 pro
728 705 934 787 alloquendis
1029 709 1096 771 1111.
1113 708 1285 774 Prohibere
1307 717 1412 790 potest
1438 715 1609 794 episcopus
1635 732 1676 779 na
1706 727 1775 781 mo-

147 804 356 882 monialibos,
372 812 403 868 et
417 805 647 885 aliispersonis
660 807 743 870 intra
753 806 935 871 clausuram
989 806 1092 870 niales
1131 809 1167 872 in
1190 811 1260 872 suis
1280 812 1428 876 ecclesiis
1455 815 1632 896 quidquam
1661 823 1775 882 canant

147 903 355 984 degentibus,
402 904 436 967 iu
479 904 631 967 omnibus
658 905 785 970 casibus
812 913 934 986 spectat
993 909 1545 997 linguavernacuta.(iotanae.)

146 1005 187 1066 ad
202 1003 386 1066 ordinarios
403 1019 413 1077 ;
438 1004 496 1066 sed
515 1020 573 1081 pro
591 1005 795 1069 monasteriis
818 1023 930 1070 exem·
1030 1014 1111 1076 viti.
1127 1015 1284 1078 lloniales
1296 1028 1463 1096 nequeunt
1478 1035 1550 1082 esse
1572 1024 1773 1092 commatres,

145 1103 212 1182 ptis
232 1110 269 1166 et·
291 1102 496 1182 regularibus
510 1104 665 1184 subiectis
677 1105 856 1170 necessaria
885 1113 935 1170 est
990 1111 1085 1173 etiam
1101 1121 1436 1190 per-procuratorem,
1465 1116 1660 1194 generaliter
1688 1115 1774 1180 enim

147 1205 246 1266 etiam
267 1204 587 1284 licentiasuperioris
606 1204 778 1285 regularis,
807 1205 860 1269 cui
885 1212 933 1268 ta·
990 1211 1196 1291 regularibus
1231 1212 1426 1291 prohibitum
1465 1215 1528 1277 suit
1557 1215 1695 1280 infantes
1732 1217 1773 1280 de

146 1321 222 1366 men
243 1319 306 1365 non
332 1302 407 1365 licet
438 1301 600 1365 licentiam
635 1303 780 1382 episcopi
800 1305 934 1367 alterare

144 1403 297 1467 addendo
318 1401 369 1466 vel
397 1401 520 1482 aliquid
537 1403 721 1467 adimendo.
747 1402 790 1484 (S.
823 1419 932 1485 congr.

146 1503 286 1576 eonem,
307 1504 348 1565 att
373 1502 518 1565 ianuarii
536 1503 637 1584 1633.)

185 1605 231 1667 x.
247 1606 325 1668 Tota
363 1602 523 1668 clausurae
565 1584 758 1668 monialium
801 1604 935 1669 materia

146 1813 289 1865 asancta
302 1801 427 1882 syuodo
451 1800 651 1876 Tridentina,
682 1817 763 1866 sess.
779 1801 829 1878 65,
845 1817 873 1865 6.
889 1801 921 1864 6.

148 1981 164 2054 ς
185 1980 256 2037 111111
280 2011 316 2024 ·-
338 1981 377 2038 lle
403 1981 640 2108 quibrtrisgrirgugliis
656 1981 815 2040 monialium
828 1981 934 2056 obliga·

187 2209 398 2270 librentur
425 2205 583 2270 moniales
609 2205 740 2287 publice
770 2207 806 2270 iu
834 2206 932 2271 cboro

144 2303 290 2368 officium
311 2304 456 2368 divinum
484 2305 693 2384 persolvere:
724 2314 756 2370 et
785 2307 934 2372 monialis

150 2407 271 2468 aliseos
296 2404 448 2478 achoro,
471 2403 673 2469 leuetursub
695 2407 820 2469 mortali
840 2407 934 2471 boras

145 2503 319 2568 canonicas
337 2502 483 2581 privatim
498 2505 642 2568 recitare.
657 2506 813 2570 llooiales
832 2506 937 2571 ebori·

144 2613 205 2668 star
237 2613 366 2684 propter
392 2603 597 2682 imperitiam,
613 2605 717 2668 donec
739 2605 862 2668 discant
876 2623 934 2668 ex-

145 2703 444 2784 peditelagere,aut
462 2704 489 2766 si
501 2721 539 2766 ex
554 2703 661 2783 aliqua
677 2704 740 2767 6116
755 2703 936 2767 rationabili

144 2823 256 2880 causa,
281 2814 316 2870 ut
338 2805 516 2878 infirmitas,
549 2803 752 2883 scrupulum,
771 2812 934 2884 nequeant

144 2905 243 2969 horas
258 2905 425 2968 canonicas
438 2901 633 2982 persolvere,
654 2903 780 2982 iudicio
814 2904 926 2983 prela·

145 3013 268 3080 torum,
302 3003 572 3068 confessariorum
610 3002 660 3067 vel
684 3004 932 3080 abbatissarum,

145 3104 349 3170 satisfaciunt
371 3104 508 3168 dicendo
531 3101 672 3167 officium
697 3103 851 3167 laicarum
875 3122 935 3168 seu

147 3220 214 3267 non
243 3203 467 3268 choristarum.
487 3203 631 3266 Fannia.
659 3201 738 3266 verb
767 3203 933 3278 Moniolea,

146 3305 243 3370 artti
267 3301 443 3383 6616616.)

186 3403 231 3467 11.
246 3404 403 3466 1166616166
420 3419 484 3466 666
515 3404 698 3484 obligantur
727 3403 788 3466 sub
810 3402 933 3466 mortali

146 3503 190 3568 ad
215 3503 430 3566 confitendum
446 3507 477 3563 et
493 3500 797 3564 communicandum
820 3501 934 3580 singu·

145 3603 191 3668 lis
208 3601 487 3682 mensibus,juxta
511 3601 630 3664 multos
657 3603 830 3678 doctoras3
869 3601 929 3665 alli

145 3710 256 3768 tamen
289 3701 490 3764 exsistimant
531 3718 585 3764 eas
615 3701 700 3764 adid
729 3701 832 3764 teneri
873 3703 935 3765 sub

149 3805 254 3885 gravi.
268 3801 359 3884 (ibid.
389 3820 421 3865 n.
440 3801 503 3882 11.)

190 3904 234 3967 lll
258 3905 430 3982 Nequeunt
443 3901 600 3963 moniales
617 3901 871 3965 confessiouario
887 3902 932 3963 uti

146 4019 209 4084 pro
230 4003 399 4076 locutorio,
415 4019 474 4065 nec
489 4001 674 4065 fenestralia
697 4002 935 4065 communionis

146 4124 224 4186 quae
238 4106 331 4169 ctiam
350 4121 406 4184 pro
417 4105 621 4168 confessione
641 4105 798 4167 inservire
812 4105 934 4184 nequit.

147 4210 210 4270 Per
255 4205 336 4289 banc
363 4203 579 4268 fenestrellam
628 4204 722 4268 debet
761 4206 936 4269 ministrari

148 4307 351 4370 confirmatio
368 4303 563 4366 monialibus
574 4311 604 4366 et
619 4305 693 4368 eliis
709 4309 770 4370 sub
784 4309 935 4372 clausura

148 4404 355 4486 degentibus.
370 4402 565 4466 fenestrelle
578 4401 644 4466 brec
663 4404 757 4466 debet
773 4423 843 4468 esse
878 4406 938 4470 lata

149 4507 259 4587 palmo
273 4506 411 4584 integro,
428 4511 458 4566 61
478 4503 540 4566 6116
553 4503 706 4580 dimidio;
722 4507 822 4568 clavis
849 4505 938 4568 lene·

149 4604 270 4667 strellar
315 4602 554 4668 communionis
595 4604 690 4669 debet
732 4601 864 4669 retineri
898 4604 938 4668 ab

149 4704 313 4770 abbatissa
333 4705 532 4769 monasterii.
761 4769 762 4774 ,

192 4803 249 4867 lV.
261 4803 510 4868 collocutorium
528 4819 592 4867 non
611 4803 708 4868 debet
733 4823 806 4868 esse
822 4806 857 4870 in
887 4824 939 4869 se·

148 4901 260 4968 cundo
277 4903 382 4984 plano,
408 4902 562 4984 nequein
586 4902 733 4967 ecclesia.
766 4903 867 4988 (ibid.
902 4921 935 4968 n.

148 5002 247 5066 mand
272 5003 337 5070 38.)

191 5106 231 5167 V.
261 5102 445 5166 blonastarii
477 5101 625 5167 fenestrae
644 5100 693 5164 ita
717 5100 835 5165 debent
864 5119 937 5166 esse

148 5205 326 5285 dispositae,
341 5211 377 5270 ut
393 5211 553 5284 nequeant
570 5203 724 5266 moniales
742 5204 850 5267 videre
881 5221 938 5266 ax-

148 5312 257 5382 teros,
286 5321 345 5368 nec
373 5304 412 5368 ab
425 5304 472 5368 eis
491 5303 607 5366 videri.
629 5303 722 5386 (ibid.
741 5304 855 5382 616.)

190 5405 376 5469 11616616
415 5405 569 5468 custodiae
604 5404 799 5467 sanctissimi
833 5421 937 5468 sacra·

149 5505 264 5582 menti,
292 5521 356 5568 non
404 5505 500 5568 debet
536 5521 722 5586 essepenes
754 5505 937 5582 moniales;

989 1310 1147 1390 baptismo
1165 1311 1282 1374 levare.
1300 1311 1393 1393 (ibid.
1413 1329 1446 1376 n.
1467 1313 1530 1393 111.)

1030 1411 1299 1475 tx.1tlonialibus
1320 1427 1385 1475 non
1413 1412 1487 1475 licet
1520 1430 1615 1476 canes
1644 1414 1773 1489 babere,

990 1511 1032 1575 ob
1050 1512 1231 1692 g¹e3reralem
1251 1511 1310 1576 666
1320 1513 1359 1576 de
1372 1530 1406 1576 rc
1420 1512 1774 1592 prohibitionemlibid.

991 1627 1024 1673 n.
1041 1612 1060 1673 1
1083 1658 1090 1674 .

1251 1735 1386 1798 {CAPUT
1405 1735 1502 1792 xxvi.

990 1824 1030 1882 De
1037 1825 1200 1898 regularium
1210 1826 1368 1898 obligatione
1375 1827 1475 1898 legendi
1482 1828 1571 1882 666166
1580 1826 1776 1883 corastitutionet

1025 1896 1183 1968 apostolicas
1193 1906 1218 1951 tt
1228 1898 1331 1952 decreta
1347 1913 1486 1951 6666666666
1499 1896 1738 1968 congregationum.

1029 2009 1096 2071 Sub
1113 2009 1314 2089 gravissimis
1344 2011 1445 2090 poenis
1472 2009 1672 2089 regularibus
1692 2026 1773 2088 prta·

989 2107 1146 2188 scriptum
1181 2117 1230 2172 est
1264 2110 1297 2172 in
1337 2111 1434 2172 certis
1480 2117 1511 2172 et
1548 2109 1774 2173 determinatis

987 2209 1067 2271 anni
1120 2210 1316 2287 temporibus
1349 2209 1476 2288 publica
1536 2209 1644 2290 legere
1703 2209 1777 2289 plu·

989 2325 1041 2370 res
1075 2309 1323 2372 constitutiones
1362 2309 1554 2390 apostolicas
1582 2315 1613 2370 et
1637 2308 1776 2389 plurima

989 2425 1150 2472 sacrarum
1173 2411 1457 2488 congregationum
1471 2411 1606 2473 decreta.

1029 2509 1090 2572 1116
1103 2509 1286 2588 assignatur
1301 2517 1439 2590 tempus,
1459 2526 1525 2588 quo
1539 2527 1557 2572 6
1572 2508 1784 2590 regularibus,

990 2609 1134 2689 legende
1149 2617 1224 2673 sunt
1248 2609 1344 2673 variae
1367 2609 1616 2674 constitutiones
1649 2617 1777 2688 aposto-

989 2707 1070 2784 licae,
1086 2715 1118 2770 et
1142 2709 1269 2774 decreta
1297 2727 1459 2772 sacrarum
1485 2707 1775 2790 congregationum

989 2809 1050 2871 sub
1066 2826 1155 2888 omna
1171 2809 1357 2888 privationis
1370 2807 1479 2884 oflicii,
1498 2809 1651 2887 vocisque
1667 2807 1781 2871 actium

990 2912 1021 2966 et
1045 2906 1180 2983 passivae
1206 2906 1278 2985 ipso
1304 2904 1388 2968 lacto
1418 2921 1437 2968 a
1473 2903 1697 2984 superioribus
1721 2902 1774 2964 in-

990 3005 1142 3068 currenda
1158 3003 1187 3067 si
1200 3020 1240 3066 ex
1254 3021 1366 3067 eorum
1381 3004 1475 3084 culpa
1490 3021 1554 3067 non
1567 3004 1777 3085 perlegantur

989 3107 1144 3186 idolique
1171 3103 1299 3184 publica
1315 3105 1568 3185 conprepott'ona,
1596 3101 1778 3165 6616611666

989 3207 1023 3267 in
1048 3205 1177 3285 publica
1202 3222 1317 3266 mensa.
1345 3204 1490 3285 (constit.
1539 3204 1662 3264 llantur
1692 3201 1776 3275 viti,

989 3303 1099 3383 Nuper
1119 3304 1404 3382 aoonqreqntione,
1433 3308 1465 3364 ut
1489 3308 1576 3364 notat
1596 3303 1777 3372 Ltnrusca,

990 3402 1025 3464 in
1042 3403 1167 3464 Tbcotr.
1199 3402 1301 3481 repul.
1318 3401 1405 3464 verb.
1424 3401 1564 3475 11666616,
1587 3418 1617 3461 6.
1634 3401 1679 3474 6.)

1029 3503 1054 3564 1.
1082 3503 1193 3565 ldensa
1220 3501 1321 3579 igitur
1348 3499 1514 3572 ianuario,
1552 3497 1616 3577 legi
1651 3496 1770 3558 debent

990 3608 1091 3663 const.
1131 3600 1305 3664 Clementis
1348 3598 1434 3674 vttl,
1474 3597 1572 3674 incip.
1604 3595 1773 3673 Relipicrra

991 3699 1372 3782 66666666116666166666
1415 3699 1454 3762 ad
1479 3699 1616 3760 litteram
1633 3695 1779 3774 reperies

990 3801 1074 3879 apud
1121 3799 1275 3872 ferroris,
1304 3797 1390 3862 verb.
1431 3795 1611 3875 flagitiores,
1648 3811 1680 3854 n.
1712 3791 1776 3872 61),

991 3911 1022 3966 61
1052 3901 1168 3963 Urbani
1209 3901 1294 3974 vlit,
1323 3898 1433 3979 Nuper
1471 3916 1491 3958 6
1533 3894 1776 3974 congregatione

992 4005 1099 4082 (quam
1129 4000 1243 4064 ibidem
1272 4000 1435 4078 reperies).
1460 3996 1511 4061 Sic
1556 3993 1707 4058 statuitur
1743 3992 1778 4054 in

992 4103 1075 4166 dicta
1098 4100 1328 4165 constllrbann
1343 4146 1352 4176 ‚
1365 4103 1378 4176 5
1392 4101 1422 4162 2.

1030 4206 1073 4268 tl.
1087 4202 1244 4266 Kalendis
1263 4200 1369 4262 llartii
1386 4244 1394 4274 ,
1411 4199 1475 4280 legi
1497 4197 1592 4261 debet
1614 4196 1778 4258 decretum

993 4311 1140 4384 spectans
1185 4302 1224 4364 ad
1264 4306 1409 4362 sanctum
1435 4297 1575 4360 officium
1603 4293 1779 4358 Alexandri

993 4405 1049 4467 Vll
1060 4404 1153 4482 jussu
1193 4401 1316 4464 editum
1345 4398 1444 4476 incip.
1465 4396 1553 4458 Licet
1591 4395 1691 4456 61166.
1728 4391 1780 4455 Sic

992 4505 1144 4567 statuitur
1168 4503 1202 4564 in
1216 4501 1286 4580 ipsa
1310 4512 1412 4562 const.
1433 4501 1447 4574 1
1474 4498 1504 4569 6,
1525 4497 1582 4558 661
1599 4494 1778 4564 mandatur,

993 4605 1080 4684 quod
1107 4602 1233 4683 legatur
1264 4616 1328 4664 una
1364 4614 1436 4661 cum
1467 4599 1540 4659 aliis
1575 4595 1714 4658 decretis
1748 4600 1780 4656 61

992 4703 1120 4768 constit.
1137 4699 1321 4780 apostolicis
1341 4698 1380 4760 ad
1407 4698 1440 4759 S.
1456 4693 1604 4758 Officium
1633 4691 1777 4772 inquisi-

993 4805 1091 4868 tionis
1106 4805 1261 4866 adversus
1276 4798 1458 4862 haereticam
1488 4796 1672 4874 pravitatem
1704 4810 1778 4871 per-

994 4904 1172 4968 tinentibus
1188 4919 1261 4981 quae
1282 4899 1462 4978 quotannis.
1476 4896 1537 4973 legi
1552 4896 1667 4961 debent
1686 4894 1780 4974 juxta
1846 4969 1850 4976 Ι

993 5008 1159 5070 decretum
1190 5002 1308 5067 Urbani
1328 5003 1414 5072 11111,
1441 4999 1541 5069 incip.
1564 4995 1779 5060 sanctorm.

1033 5108 1089 5169 lll.
1106 5105 1324 5168 «6661666616
1350 5108 1422 5181 post
1447 5100 1596 5162 Octavam
1625 5094 1779 5174 Corporis

992 5201 1624 5282 Christi.etferiasecundapostprimam
1637 5194 1783 5258 Domini-

993 5325 1062 5373 oam
1090 5301 1342 5380 Adventus3vel
1372 5302 1455 5364 intra
1473 5300 1648 5365 terminum
1680 5295 1781 5358 unius

993 5408 1113 5473 mensis
1128 5403 1312 5469 immediate
1343 5398 1587 5480 subsequentis,
1612 5393 1664 5458 vel
1696 5392 1781 5455 infra

993 5506 1166 5572 terminum
1195 5498 1447 5566 decemdierum
1486 5492 1672 5557 immediate
1702 5487 1782 5552 sub·

149 5603 210 5665 sed
249 5619 350 5682 penes
378 5603 576 5666 sacerdotem
620 5604 783 5684 adquam
816 5611 939 5684 spectat
994 5605 1213 5688 sequentium,
1267 5600 1359 5681 16616
1393 5597 1459 5662 duo
1485 5597 1613 5659 diversa
1653 5593 1781 5655 decreta

148 5709 348 5766 sacramenta
361 5702 554 5768 monialibus
570 5703 764 5768 ministrare.
780 5703 939 5785 Reliquiae
993 5725 1073 5772 sacr.
1094 5723 1204 5786 congr.
1227 5702 1332 5782 Episc.
1366 5707 1397 5764 61
1432 5696 1548 5779 Regul.
1573 5693 1636 5774 legi
1657 5692 1779 5756 debent

149 5803 475 5892 666666661166661,
517 5821 581 5872 non
634 5805 716 5873 intra
758 5805 937 5874 clausuram
993 5810 1120 5900 decreta
1141 5823 1220 5871 sacr.
1243 5801 1352 5884 congr.
1371 5795 1554 5876 Concil.,de
1565 5789 1780 5860 celebratione
