4042 6458
109 428 165 492 153
424 425 523 488 PARS
539 425 599 492 111.
619 427 669 488 DE
691 425 1105 492 PllltsoNtS.-l.lss.1x.
1127 427 1177 490 ba
1196 425 1331 502 lalcis',
1351 425 1434 490 ETG.
1686 425 1742 495 151

109 549 206 601 turm.
225 557 241 594 ι
258 533 290 600 Si
309 533 397 598 enim
411 535 469 616 jus
488 532 549 598 boc
569 536 708 614 pontium
731 534 898 600 diversum
956 535 1081 608 clicam,
1096 551 1237 616 suasque
1258 535 1455 616 multiplices
1476 542 1508 599 et
1526 523 1693 604 mirabiles
1705 542 1742 608 in

108 648 160 700 est
175 654 193 700 a
209 635 275 716 lepa
291 634 446 708 saturali,
467 633 725 699 commentitium
741 643 803 700 est.
818 637 901 700 Sunt
955 637 1160 700 consistoriis
1175 635 1402 700 allocutiones.
1737 638 1743 648 '

109 743 223 814 enim,
251 743 285 799 ut
308 733 505 807 dictumest,
524 731 900 798 bominesinstatuna-
996 736 1050 798 vl.
1079 736 1157 800 lura
1182 736 1269 800 enim
1296 737 1442 816 gentium
1457 743 1488 800 et
1516 755 1743 819 supremorum

108 836 211 900 aurati
238 838 323 898 iuter
349 853 384 897 se
413 833 566 914 equales.
601 835 771 910 Quomodo
802 834 902 915 igitur
955 835 1196 918 principatuum
1210 836 1413 900 inviolabilia
1431 845 1462 900 et
1490 838 1744 919 independentia

107 935 196 1000 ferre
226 941 402 1016 potuerunt
428 943 541 1014 gentes
569 934 721 1015 gentibus
744 935 901 998 dictantes
956 945 1035 1000 sarrit
1057 937 1173 1000 eodem
1211 943 1241 1000 et
1271 936 1368 999 etiam
1387 937 1550 1015 superiori
1581 945 1677 1003 modo
1709 959 1746 1004 ac

112 1037 215 1116 leges,
231 1053 305 1116 quaa
319 1035 449 1098 nonnisi
467 1051 486 1098 ε
503 1034 666 1114 superiori
691 1033 902 1098 inferioribus
952 1038 1027 1118 jura
1061 1054 1284 1118 personarum.
1304 1039 1384 1100 Etvi
1403 1039 1552 1103 maxima
1565 1040 1665 1121 juris,
1690 1060 1745 1122 par

108 1136 190 1199 ferri
211 1132 372 1216 possunt?
394 1134 490 1209 Quod
515 1133 544 1196 si
565 1137 699 1198 rionalne
714 1137 803 1218 juris
824 1151 901 1216 peu·
956 1140 1130 1218 imperium
1158 1157 1221 1202 nou
1249 1139 1344 1202 babet
1366 1138 1400 1202 in
1426 1157 1547 1218 parem,
1581 1142 1669 1204 nulla
1688 1161 1746 1222 pro·

110 1238 194 1298 tium
208 1234 369 1316 intelligas
385 1235 537 1314 quasdam
552 1239 807 1300 consuetudines
818 1236 903 1298 inter
958 1248 1056 1302 testas
1085 1239 1117 1302 in
1135 1247 1217 1300 terra
1232 1238 1289 1317 jus
1323 1239 1417 1302 babet
1443 1257 1515 1302 sese
1542 1242 1745 1306 immisceuul

110 1335 289 1400 nonnullas
314 1334 417 1398 cultas
445 1343 576 1416 gentas,
602 1336 744 1400 abuteris
772 1337 929 1400 nomine·
956 1341 991 1404 in
1014 1339 1152 1404 alterius
1175 1339 1328 1420 gubernii
1360 1341 1653 1415 administratione,
1681 1343 1744 1405 nisi

101 1438 208 1518 juria,
232 1453 303 1498 nam
329 1435 378 1498 bar
402 1436 660 1500 consuetudines
685 1454 749 1500 non
776 1437 810 1500 in
838 1435 901 1498 vim
958 1457 1015 1519 per
1046 1440 1129 1504 bona
1159 1439 1274 1515 cilicia,
1305 1448 1360 1502 aut
1388 1442 1569 1503 secandum
1595 1450 1746 1506 tractatus

110 1537 209 1616 legis,
225 1536 282 1598 sed
304 1535 414 1616 potius
434 1535 469 1598 in
486 1536 550 1598 vim
567 1537 650 1614 pacti
668 1537 826 1615 obligant.
841 1535 902 1600 Sed
957 1549 989 1602 et
1013 1540 1263 1614 conventiones,
1280 1557 1320 1602 ex
1347 1539 1452 1620 regul.
1471 1541 1557 1620 juris
1587 1543 1625 1603 19
1650 1543 1683 1604 io
1712 1545 1743 1614 6,

109 1637 182 1700 baec
198 1629 264 1716 jada
280 1647 390 1699 nostra
413 1645 601 1716 tempestate
626 1653 763 1699 excussa
788 1644 864 1700 sunt
885 1652 904 1700 a
958 1637 1022 1718 ibi:
1046 1638 1119 1704 Nou
1148 1648 1193 1700 eat
1220 1641 1289 1700 siue
1313 1640 1420 1718 culpo,
1450 1641 1506 1718 qui
1529 1642 1590 1716 rei,
1624 1641 1747 1721 pucati

108 1747 158 1802 tot
176 1739 254 1800 viris
269 1738 589 1816 doctisaldannan.
607 1737 696 1799 verb.
713 1735 902 1814 Lre,art.1,
958 1757 1027 1800 eum
1051 1756 1116 1801 ucat
1142 1741 1291 1818 pertinet,
1339 1758 1371 1799 se
1409 1739 1573 1802 immiscet.
1613 1743 1746 1808 Etiamsi

110 1838 223 1900 Addit.
243 1853 282 1898 ex
298 1837 404 1898 aliena
421 1854 530 1912 manu,
548 1854 579 1899 n.
597 1837 636 1898 56
651 1845 681 1898 et
698 1839 761 1919 57.)
958 1855 1071 1902 omnes
1100 1839 1247 1902 universi
1279 1839 1367 1900 orbis
1401 1848 1575 1917 potestates
1591 1843 1745 1908 adversus

150 1937 209 1998 lll.
238 1939 284 1998 Ex
310 1937 473 2016 principio
499 1937 600 2016 igitur
625 1938 776 2016 praedicto
799 1940 904 2004 oritur
959 1956 1055 2002 unam
1086 1939 1187 2002 solam
1215 1946 1404 2017 potestatem
1429 1955 1613 2016 supremam
1644 1959 1679 2004 se
1694 1961 1748 2006 co-

109 2037 201 2100 omni
223 2036 311 2116 genti
325 2036 480 2118 obligatio
500 2037 670 2102 reverendi
693 2037 828 2102 aliarum
846 2057 903 2102 na·
957 2039 1154 2110 adunarent;
1173 2035 1316 2115 ipsarum
1334 2033 1527 2098 coadunatio
1546 2055 1657 2100 aarum
1671 2045 1743 2119 jura

111 2139 241 2200 tionum
256 2137 448 2218 religionem
466 2155 585 2212 veram,
604 2137 797 2213 libertatem,
815 2140 906 2204 inde·
959 2152 1024 2198 non
1050 2133 1193 2214 augebit,
1210 2149 1282 2195 cum
1302 2149 1504 2212 unaquaeque
1530 2144 1652 2197 maneat
1673 2153 1747 2199 cnm

112 2240 340 2317 pendentium,
364 2237 600 2319 legislationem
621 2238 762 2320 justam,
786 2244 905 2320 guber·
958 2254 1019 2300 suo
1055 2237 1129 2317 jure
1152 2237 1269 2314 muuali
1300 2236 1357 2298 sed
1397 2253 1460 2298 non
1484 2237 1655 2316 superiore
1679 2240 1748 2318 jurl

113 2337 208 2402 nium
224 2339 417 2420 legitimum,
433 2339 646 2411 territorium,
662 2340 903 2413 commercium,
959 2338 1159 2418 principatus
1170 2337 1273 2399 sollus
1284 2335 1445 2398 derelicti.
1460 2338 1657 2417 liujusmodi
1673 2359 1749 2401 eorr-

110 2439 327 2514 iudustriam,
344 2458 409 2504 uno
432 2441 529 2505 verbo
554 2447 650 2504 totam
666 2457 778 2504 eorum
805 2443 906 2504 natio·
958 2442 1094 2518 gregatae
1123 2445 1296 2516 potestates
1326 2453 1403 2500 suas
1426 2438 1512 2500 vires
1537 2439 1668 2511 addent,
1688 2455 1748 2502 nec

112 2539 293 2604 natitatem.
320 2541 444 2604 Exinde
471 2543 568 2605 etiam
594 2541 905 2622 nasciturobligatio
958 2539 1077 2618 addere
1096 2537 1171 2618 jura
1199 2545 1361 2616 poterunt.
1383 2537 1502 2599 Eadem
1531 2549 1580 2598 est
1603 2538 1746 2617 Justitia,

111 2641 326 2704 succurrendi
344 2651 374 2703 et
388 2640 561 2720 adjuvandi
582 2642 721 2704 vicinam
742 2643 904 2706 nationem
959 2640 1070 2703 eadem
1095 2649 1172 2702 snm
1194 2640 1349 2720 principia
1374 2659 1446 2720 quae
1464 2641 1612 2722 personis
1633 2642 1745 2705 huiua-

109 2739 147 2804 in
175 2741 246 2803 suis
273 2742 541 2816 necessitatibus,
571 2743 839 2824 impediendique
864 2762 905 2808 ne
960 2740 1010 2802 nis
1030 2738 1278 2818 applicavimus.
1307 2741 1509 2820 congressus
1528 2740 1630 2818 igitur
1651 2731 1769 2820 prote·¹

111 2839 177 2901 sub
201 2839 343 2904 bostium
373 2842 452 2903 loris
484 2842 732 2918 invasionibus,
766 2843 817 2906 vel
843 2845 905 2906 sub
959 2849 1075 2904 statum
1099 2848 1130 2902 et
1157 2841 1323 2903 nationum
1343 2851 1483 2903 statuere
1512 2850 1621 2905 contra
1652 2861 1748 2905 anam

111 2938 258 3001 hostium
293 2940 494 3004 internorum
525 2942 762 3006 rebellionibus
792 2946 902 3008 cadat:
959 2941 1061 3003 solam
1087 2921 1276 3020 potesfatem
1304 2957 1489 3020 supremam
1518 2941 1641 3021 absque
1660 2942 1749 3022 ejus·

111 3040 236 3102 nedum
268 3051 376 3103 coritae
403 3039 504 3119 ipsam
537 3041 732 3105 rebelliones
760 3053 791 3105 ει
815 3045 903 3106 sedi·
958 3043 1430 3104 domooncursuetoousensu
1450 3048 1747 3126 nunquanapotest.

108 3137 220 3200 tiones
235 3136 377 3208 foveant,
389 3137 534 3218 eiusdem
548 3139 783 3218 vicinoegentos
798 3141 903 3204 sideru
959 3142 1042 3204 Huic
1066 3139 1265 3219 naturmjuri
1295 3138 1481 3219 oppositum
1513 3141 1684 3204 admittere
1699 3148 1750 3206 est

108 3236 264 3300 auxiliari
290 3237 408 3300 debeat
433 3238 473 3299 ad
501 3237 606 3316 ipsius
633 3240 757 3301 ruinam
790 3257 904 3315 praeca·
959 3241 1129 3306 manifeste
1152 3257 1272 3321 ponere
1299 3239 1540 3319 principiumvi
1574 3241 1751 3322 cnjusplu·

110 3335 904 3416 vendam,velutiiratresdebcatimpediresuum
958 3359 1010 3406 res
1038 3341 1187 3405 hominos
1220 3340 1260 3404 ad
1284 3355 1381 3403 suum
1409 3339 1577 3403 arbitrium
1613 3346 1751 3420 possunt

107 3435 240 3498 fratrem
259 3437 442 3500 dementem
462 3446 494 3500 et
518 3437 679 3500 furiosum
706 3457 745 3501 ne
761 3457 833 3504 seso
852 3441 904 3503 in·
956 3439 1475 3506 aliumbomineminservitulem
1495 3439 1750 3520 redigere,ipsi-

110 3536 260 3598 teriiciat.
677 3525 680 3530 ’
958 3559 1024 3622 que
1047 3541 1156 3606 omnia
1185 3539 1257 3620 ejus
1282 3539 1356 3618 jura
1372 3555 1496 3618 rapere.
1524 3539 1593 3601 Hoc
1610 3547 1660 3602 ast
1683 3555 1733 3601 ma

149 3637 207 3698 lv.
226 3636 349 3700 Placeat
371 3637 424 3700 hic
452 3638 566 3702 afferre
593 3641 813 3702 auctoritatem
838 3639 900 3704 viri
959 3661 1058 3725 gnum
1078 3641 1282 3706 latrocinium
1299 3638 1444 3718 gentium
1463 3647 1493 3698 ει
1509 3637 1746 3715 principatuum

108 3736 293 3818 cuiusdam,
306 3741 363 3818 qul
377 3739 498 3801 nemini
513 3747 685 3817 suspectus
698 3757 770 3802 esse
785 3749 900 3818 potest,
957 3743 1014 3825 qui
1029 3760 1102 3806 sese
1130 3741 1351 3820 demagogiam
1368 3737 1523 3816 etlivigunt
1544 3745 1653 3800 contra
1675 3737 1744 3819 jus,

109 3837 238 3898 scilicet
269 3837 306 3898 b.
345 3835 480 3899 Portalis
510 3839 543 3900 in
572 3853 631 3900 sua
661 3837 829 3901 ltelationa
860 3841 901 3901 de
952 3844 1111 3925 justitiam
1133 3849 1164 3903 et
1185 3843 1287 3902 lledm
1314 3837 1371 3917 qui
1401 3853 1586 3915 supremam
1607 3844 1744 3916 potesta-

108 3934 259 3998 artioulis
286 3935 475 3999 concordati
510 3937 583 4000 1801
620 3940 794 4018 organicis,
830 3939 901 4002 data
956 3951 1020 4006 tem
1038 3942 1208 4004 humanam
1238 3937 1389 4001 omnibus
1413 3936 1485 4015 ejus
1506 3938 1745 4000 conservationi

106 4037 149 4098 22
171 4037 369 4115 Septembris
395 4035 484 4104 teca,
503 4034 687 4114 scriptaque
709 4037 748 4096 ad
768 4053 902 4113 respou-
956 4039 1151 4104 necessariis
1164 4036 1317 4116 potentiis
1330 4038 1477 4114 provisit.
1506 4038 1558 4099 Sic
1586 4039 1745 4117 omacius

108 4138 256 4200 dentium
271 4135 489 4198 sancttasedis
506 4133 798 4210 reclamationibus,
819 4155 900 4214 prm·
955 4147 988 4202 et
1013 4137 1208 4218 principium
1237 4143 1423 4210 evertendo,
1448 4144 1562 4215 gentes
1589 4145 1619 4198 et
1653 4149 1744 4214 pote·

108 4237 897 4320 sertimepistolaeautbenticmcardinalislegati,
955 4248 1055 4304 states
1092 4255 1161 4302 suaa
1198 4237 1339 4319 propria
1372 4237 1586 4300 destructioni
1622 4237 1745 4302 allabo-

107 4339 268 4418 Caprara,
293 4339 375 4402 datae
398 4341 437 4402 18
457 4337 597 4416 Augusti
622 4339 728 4418 ejusd.
743 4341 838 4411 anni:
863 4341 898 4403 in
955 4350 1037 4407 rant.

58 4502 63 4511 ,
106 4442 141 4504 in
164 4457 229 4520 qua
246 4439 412 4504 llelalione
427 4440 474 4501 sic
491 4439 535 4502 ait
550 4441 589 4501 b.
604 4438 738 4502 Portalis
755 4463 763 4502 z
778 4439 838 4502 S’t‘l
852 4449 898 4503 est
996 4445 1066 4508 vll.
1081 4445 1244 4522 Supremae
1259 4447 1430 4518 potestates
1451 4439 1550 4501 veluti
1580 4441 1742 4512 nationes,

105 4559 169 4601 une
180 4540 314 4602 maxims
329 4538 553 4602 iosonlttlflbls
568 4537 647 4600 mm
671 4540 699 4600 le
724 4538 811 4600 droit
842 4539 896 4601 det
953 4546 1086 4610 familie
1107 4552 1142 4608 at
1159 4559 1306 4623 personae
1320 4541 1438 4604 babent
1454 4539 1591 4621 aequalla
1608 4540 1694 4604 inter
1708 4559 1743 4604 se

105 4643 237 4704 cutiens
261 4640 335 4702 c’eat
350 4640 425 4702 celle
442 4659 501 4721 qus
524 4649 610 4704 toute
632 4642 801 4720 pulmunes
824 4659 899 4703 sott-
952 4644 1117 4728 jura;sive
1128 4641 1248 4723 parvis,
1267 4641 1337 4704 sive
1349 4639 1486 4720 magnis,
1499 4641 1569 4702 sive
1582 4642 1741 4716 protentio·

105 4747 234 4806 crruiaa
260 4754 305 4806 est
327 4743 569 4824 tacepremnte,
583 4743 692 4825 qu'elle
707 4745 776 4809 doit
791 4749 896 4829 secu(-
954 4747 1056 4818 ribus,
1068 4743 1137 4805 sive
1149 4740 1384 4806 infirmioribus
1399 4739 1635 4820 principatibus
1648 4749 1678 4802 et
1691 4759 1745 4803 na·

104 4847 165 4924 pre
180 4845 199 4906 d
214 4843 389 4919 alle-meme,
400 4853 430 4905 et
446 4843 555 4923 qu'alla
567 4846 899 4923 estpourcuerlellieu
953 4843 1258 4924 tionibusjusidem
1277 4848 1338 4914 est,
1365 4839 1495 4904 unicum
1515 4849 1566 4903 est
1581 4841 1664 4904 sicut
1681 4857 1744 4904 uria

103 4945 142 5004 de
170 4953 239 5006 tous
256 4944 299 5005 les
310 4945 465 5023 pouooirs
484 4944 674 5006 ciceascires
688 4945 707 5006 d
721 4964 758 5005 aa
771 4963 897 5007 conser-
949 4942 1263 5029 J'ustitia.Territorii
1274 4941 1413 5015 vastitas,
1426 4941 1741 5016 nattorristortttudo‚

102 5049 227 5108 uatium.
255 5047 385 5106 Aurana
414 5047 898 5126 autrepuiaacrvcaaurlatcrrc
954 5047 1081 5110 nullum
1103 5045 1278 5123 superius
1304 5044 1359 5123 jus
1394 5043 1452 5120 ipsi
1481 5042 1616 5107 conlert.
1643 5047 1742 5107 Seeus

103 5151 159 5208 a‘u
191 5146 278 5208 droit
307 5145 507 5224 des'r'aptrcr
531 5145 897 5208 dcuasoaudmiuistro·
953 5143 1745 5223 dicendumiorelquodalicujusbominisdivitias

103 5251 186 5322 tica,
214 5249 287 5310 sire
313 5249 391 5309 n'est
407 5265 468 5328 par
485 5247 521 5310 de
540 5247 617 5310 boas
633 5248 749 5329 astices,
765 5265 806 5309 aa
829 5249 896 5312 sui·
952 5253 986 5308 et
1010 5245 1109 5308 robur
1137 5243 1288 5306 eumdem
1316 5243 1418 5320 magis
1444 5241 1607 5304 bominem
1623 5241 1740 5305 faciant

102 5351 247 5414 ascades
268 5351 379 5412 trellis
401 5348 494 5411 eldea
510 5350 725 5412 concentione.
952 5365 1048 5430 quam
1063 5347 1193 5411 fratrem
1209 5343 1280 5424 ejus
1298 5343 1407 5406 minus
1418 5343 1549 5404 divitem
1566 5342 1742 5423 minusque

146 5450 185 5512 v.
214 5450 289 5512 llaec
315 5447 455 5510 maxima
470 5455 519 5510 est
534 5445 605 5526 ipsa
631 5447 762 5521 raritas,
783 5446 893 5526 ipsum
955 5449 1139 5513 robustum.
1167 5443 1263 5520 Quod
1286 5449 1337 5506 est
1357 5441 1548 5508 absurdum.

97 5550 156 5630 jus
190 5559 326 5623 natium,
354 5547 441 5627 quod
471 5545 511 5608 de
546 5562 630 5608 novo
666 5545 892 5626 promulgarit,
1002 5599 1004 5604 .
1156 5613 1164 5628 ‚
1291 5610 1297 5624 ,
1455 5608 1483 5622 ,,
1658 5607 1664 5620 ,
1705 5607 1711 5620 ,

101 5651 335 5728 interpretatus
353 5655 403 5708 est
433 5647 820 5726 “propugnamonm
842 5646 892 5708 so·
952 5617 1014 5691 511.
1035 5645 1071 5659 -
1092 5615 1130 5676 [le
1154 5627 1216 5686 pure
1241 5621 1384 5670 nationum
1411 5609 1538 5682 legitimae
1561 5606 1741 5664 defensionis.

100 5749 299 5828 rocusregni
327 5748 491 5829 subalpini
523 5749 708 5811 invasiones
732 5749 889 5814 SS.Pont.
991 5757 1017 5817 l.
1037 5755 1169 5833 Absque
1201 5749 1302 5814 dublo
1328 5749 1355 5810 si
1380 5746 1487 5826 aliqua
1506 5744 1594 5810 natio
1610 5743 1643 5806 in
1669 5746 1740 5805 siris

101 5852 181 5916 l’ius
198 5851 247 5916 lx
278 5866 439 5930 perseam
467 5850 505 5912 19
528 5851 659 5912 ianuar.
685 5845 764 5909 18611
790 5864 887 5928 ency-
955 5852 1110 5932 legitimis
1140 5849 1269 5932 juribus
1296 5845 1515 5912 laedereturab
1538 5843 1600 5909 alia
1629 5851 1739 5924 gente,
