4042 6458
171 319 226 390 Μ
483 323 581 389 Ptlts
600 322 658 388 111.
678 323 728 388 nlt
744 323 940 390 sansonis
951 351 987 364 -
1003 325 1076 392 llll.
1097 327 1148 392 IX.
1173 327 1222 392 DE
1242 328 1377 408 Lllcls,
1397 329 1476 394 stc.
1753 330 1807 395 lua

170 445 274 496 manre
299 431 555 512 perscrutantes,
583 435 843 498 transmittantur
866 435 961 498 etiam
1015 437 1138 501 resistit
1162 440 1325 520 potestati.
1353 441 1413 504 lter·
1436 437 1633 505 ordinationi
1661 444 1801 518 retulit,

170 534 339 596 necesaria
353 547 425 596 cura
447 530 702 612 obligationibus
726 548 837 597 earnm
863 533 963 598 simul
1016 537 1110 618 cujas
1137 540 1310 604 auctoritas
1348 556 1445 622 supra
1476 557 1590 606 omnes
1622 542 1807 609 dominetur

169 649 245 696 cum
257 631 402 714 iuribus.
422 633 618 715 Quicunque
644 635 816 715 enimjurn
838 639 964 717 rescipit,
1017 648 1191 716 creaturas,
1210 651 1242 704 et
1262 643 1301 704 ad
1316 659 1386 706 eum
1413 645 1702 722 repraesentandam
1729 645 1809 708 risi-

171 749 212 796 eo
241 733 314 814 ipso
342 732 548 796 correlatiras
572 733 788 816 obligationes
817 738 964 800 assumit.
1017 739 1098 802 biles
1113 749 1286 820 potestates
1300 744 1426 825 delegat
1443 747 1542 810 Deus.

171 831 252 895 Filii
276 848 403 908 vero-‚a
426 833 659 898 corrstltutione
685 843 717 899 et
746 835 965 900 nationalilrte
1055 839 1142 916 Quid
1160 842 1202 904 sit
1223 842 1325 922 igitar
1340 847 1551 926 suprematia,
1568 855 1600 912 et
1618 849 1652 912 in
1671 867 1738 932 quo
1753 825 1828 914 res·

170 939 299 1014 patrans
313 949 447 998 suerum
461 933 570 997 omnia
589 935 860 1016 temporaliajara
877 953 966 1000 acce·
1017 940 1141 1004 sideatt
1167 944 1368 1021 Suprematie
1386 955 1434 1010 est
1454 957 1606 1026 potestas,
1630 951 1808 1015 dominatio

170 1042 309 1118 perunl;
338 1041 489 1100 tenentur
512 1051 591 1116 ergo
615 1042 670 1098 eut
686 1034 820 1115 ,juribus
844 1053 966 1100 renun-
1017 1041 1253 1122 independens,
1266 1047 1438 1110 auctoritas
1452 1049 1647 1127 essentialis,
1661 1051 1806 1115 omnium

171 1137 276 1213 tiare,
297 1143 353 1201 aut
378 1135 583 1200 correlativns
616 1137 832 1218 obligationes
865 1140 967 1204 adim·
1018 1137 1127 1220 legum
1141 1139 1227 1206 fons.
1243 1143 1518 1220 Savuematianon
1532 1157 1584 1212 est
1601 1190 1610 1221 ‚
1629 1165 1689 1213 rrec
1704 1158 1809 1230 potest

179 1238 284 1320 plere.
1017 1255 1092 1302 esse
1111 1240 1144 1304 in
1160 1243 1305 1320 personis
1329 1242 1481 1308 humanis
1503 1248 1706 1322 individuisc
1733 1268 1808 1314 nam

212 1338 246 1403 3.
263 1340 669 1420 Hocporterttunrtandem
683 1343 968 1426 opponiturJ'asti·
1019 1357 1059 1404 ex
1081 1357 1195 1406 earam
1220 1353 1332 1409 natura
1355 1363 1468 1410 omnes
1488 1349 1531 1411 alr
1553 1349 1691 1414 invicem
1718 1351 1810 1416 inde·

172 1439 967 1534 timlegi,quaregunturhumanteconventiones.
1020 1442 1199 1521 pendentes
1247 1456 1325 1508 sant
1358 1449 1506 1512 hnmanae
1543 1453 1809 1531 personalitates,

172 1537 369 1622 Huiusmodi
383 1543 472 1605 euim
488 1544 630 1608 liliorum
649 1547 839 1611 insurrectio
858 1547 969 1612 adver·
1020 1559 1093 1608 enm
1108 1545 1172 1606 sint
1191 1561 1295 1625 pares;
1308 1548 1398 1627 atqui
1410 1565 1472 1612 non
1487 1555 1536 1612 est
1550 1549 1811 1628 imperium,non

172 1655 235 1703 sus
250 1640 467 1720 principesab
478 1645 748 1724 eorumpalribus
764 1646 967 1722 constitutos,
1021 1651 1070 1706 est
1082 1645 1278 1723 suprematia
1298 1647 1382 1723 paris
1397 1647 1431 1710 in
1448 1650 1813 1730 parem-Suprematia

176 1741 314 1804 violaret
329 1739 433 1823 legem
451 1743 860 1824 naturalemgralitudinis‚
877 1763 968 1809 reve·
1020 1731 1135 1822 nequit
1162 1745 1302 1824 amplius
1329 1747 1473 1812 residere
1503 1749 1537 1811 iu
1566 1748 1812 1812 individuorum

175 1841 333 1906 sentimet
344 1841 555 1923 subjectionis
570 1862 646 1926 erga
664 1856 813 1926 parentes
829 1855 860 1910 et
874 1847 969 1927 prin:
1021 1843 1232 1920 sullectinum
1256 1861 1327 1909 nam
1347 1863 1420 1910 cum
1444 1847 1556 1911 nullus
1586 1865 1657 1911 enm
1683 1848 1810 1922 babeat,

173 1939 267 2024 cipes
285 1943 343 2026 qui
365 1945 509 2024 ipsorum
523 1946 703 2022 infantiam,
718 1948 969 2016 adelescentiam
1023 1945 1136 2010 nullus
1166 1946 1310 2010 eamdem
1329 1946 1513 2012 collectioni
1530 1946 1676 2014 conferre
1692 1955 1811 2028 potest.

174 2042 426 2128 etjurentntem
441 2056 668 2130 protexerunt,
691 2051 841 2133 ipsisque
862 2052 970 2114 omnia
1023 2047 1176 2110 Praeterea
1188 2045 1360 2112 mullitudo
1375 2047 1632 2112 sicatindividui
1643 2048 1708 2130 legi
1718 2057 1813 2112 ater·

174 2145 301 2226 quibus
315 2148 458 2227 gaudent
470 2151 636 2214 commoda
651 2157 876 2230 procurarunt.
892 2155 973 2216 Prea·
1024 2165 1074 2212 nae
1088 2155 1210 2212 nattum
1225 2147 1409 2228 subjicitur,
1426 2156 1457 2212 et
1479 2154 1528 2210 est
1549 2147 1583 2210 in
1599 2148 1741 2212 solidum
1764 2165 1814 2212 re·

176 2255 267 2312 terea
282 2247 445 2329 principes
468 2250 529 2330 ias
551 2249 671 2314 babent
688 2259 878 2330 potestatem
900 2269 973 2318 ser-
1023 2248 1814 2332 sponsabilisneecssarieramobligationumqaas

177 2351 276 2412 vandi
297 2355 328 2412 et
344 2349 533 2428 possidendi
553 2368 591 2415 ev
615 2351 796 2416 necessaria
817 2355 973 2418 naturalis
1021 2349 1177 2414 ominibus
1201 2349 1286 2413 sicat
1306 2349 1446 2432 singulis
1463 2349 1606 2430 injungit
1623 2348 1813 2431 huiusmodi

176 2456 364 2513 contractas
376 2449 582 2526 conditione;
599 2469 673 2516 sese
687 2453 890 2524 devoverant
914 2454 974 2519 bu·
1026 2450 1077 2515 lex
1087 2450 1235 2532 justitiae.
1249 2452 1325 2514 lura
1342 2449 1500 2513 naturalia
1511 2450 1686 2531 cujuslibet
1705 2450 1816 2516 liberta

177 2547 233 2629 ias
257 2557 439 2612 contractas
464 2548 686 2625 observantiae,
703 2550 834 2630 iustitia
854 2551 974 2633 obligat
1026 2568 1172 2633 persone
1186 2559 1249 2614 lam
1264 2551 1463 2615 inviolabilia
1481 2561 1569 2626 sunt,
1588 2569 1684 2632 qaam
1700 2554 1814 2616 eadem

178 2649 267 2712 lilios
281 2650 320 2714 ad
342 2649 489 2729 ejusdem
505 2649 720 2732 obligationes
740 2652 974 2732 adimplendas,
1021 2651 1094 2731 jura
1111 2651 1145 2714 in
1161 2651 1349 2714 collectione
1368 2651 1555 2714 coadunate.
1574 2651 1722 2732 simplici
1740 2668 1816 2715 ana·

178 2766 257 2810 eum
282 2748 321 2812 ab
347 2749 460 2811 eodem
481 2748 555 2828 jara
578 2758 782 2830 acceperunt.
806 2753 905 2816 Secas
928 2752 977 2814 di·
1027 2748 1090 2829 lysi
1104 2748 1222 2812 invicte
1241 2748 1489 2812 demonstretur.
1512 2749 1637 2812 illenim
1656 2750 1729 2813 dnm
1745 2767 1816 2829 per-

178 2849 323 2913 ecndam
351 2849 433 2914 leret
458 2849 559 2913 liliam
587 2851 645 2932 qni
671 2868 730 2932 per
758 2851 974 2916 hereditatem
1026 2865 1116 2912 soum
1138 2847 1287 2912 lcumena
1313 2847 1429 2911 iisdem
1458 2849 1660 2911 naturalibus
1683 2848 1814 2928 juribus

179 2968 342 3030 agrame
378 2960 465 3030 patre
503 2959 647 3030 emplum
675 2952 849 3030 acceperit,
880 2971 975 3032 posse
1027 2947 1816 3030 essentialitergandeat,daopnressant;hurum

180 3051 329 3130 ejusdem
359 3051 428 3132 agri
452 3051 678 3129 proprietatem
704 3069 832 3116 servarc
854 3052 977 3133 absque
1030 3063 1237 3128 personarum
1253 3065 1316 3112 una
1332 3049 1498 3130 nequitiis
1519 3047 1582 3112 alia
1597 3047 1721 3129 jurium
1745 3048 1816 3129 rjus

182 3152 345 3234 completa
360 3152 453 3232 prelii
468 3152 643 3216 solutione.
660 3155 739 3217 Nam
761 3171 824 3218 aaa
841 3162 888 3216 est
905 3161 975 3217 len·
1028 3149 1740 3232 cessionem,absquereciprocaconcessione
1751 3167 1816 3231 qua

181 3259 254 3315 turn
263 3251 398 3333 justitie,
409 3269 493 3335 qum,
503 3253 572 3315 sive
582 3251 786 3332 singulorum
797 3253 976 3332 bominum,
1028 3251 1215 3316 restituatur
1230 3251 1407 3332 equalitas,
1419 3251 1563 3332 exigere.
1578 3251 1655 3313 Tres
1672 3267 1818 3330 personas

183 3351 258 3418 sive
282 3353 448 3418 nationum
471 3351 703 3417 conventiones
733 3354 827 3436 regit,
850 3372 978 3434 semper
1028 3349 1062 3411 in
1077 3347 1209 3430 juribus
1224 3357 1299 3412 sant
1312 3346 1470 3430 aqualem
1488 3348 1562 3413 dae
1575 3348 1709 3422 exipsis
1724 3349 1817 3412 coad-

183 3455 278 3533 jubet
292 3451 419 3534 jurium
440 3459 474 3515 et
492 3451 727 3534 obligationum
749 3453 976 3533 aequalitatem,
1029 3448 1123 3513 anari
1142 3451 1362 3530 nequenatad
1379 3450 1482 3513 tertie
1499 3449 1573 3530 jura
1590 3449 1817 3526 violeude,aut

186 3551 401 3635 prohibetque
415 3552 508 3616 alteri
522 3551 725 3633 lavereqaod
740 3552 780 3616 ab
797 3553 868 3635 ipso
885 3553 978 3617 notris
1029 3550 1099 3614 suis
1130 3549 1269 3631 propriis
1303 3549 1510 3623 immolanda,
1541 3549 1662 3630 absque
1699 3547 1818 3628 mqnali

186 3651 260 3715 lieri
276 3653 446 3717 nollemus.
1029 3651 1302 3732 compensatione.
1326 3651 1406 3714 lara
1435 3649 1571 3713 duarum
1605 3663 1816 3729 personarum

229 3753 284 3815 lv.
299 3753 461 3816 Scitolium
487 3753 525 3818 de
550 3755 720 3835 petenatis
747 3755 921 3820 stabilitate
950 3765 979 3818 et
1030 3768 1095 3816 non
1111 3751 1285 3825 addantur,
1303 3761 1431 3816 manent
1447 3750 1521 3831 jara
1535 3749 1749 3813 individualis
1769 3749 1816 3811 si-

186 3853 393 3932 supremntio.
410 3857 606 3918 -Potestas
625 3855 726 3936 igitur
742 3857 885 3938 legitime
904 3873 980 3922 con·
1030 3860 1085 3920 ont
1101 3868 1247 3934 persona,
1264 3847 1297 3916 et'
1311 3860 1387 3916 sunt
1410 3852 1537 3932 singula
1559 3851 1694 3930 aequalia
1717 3850 1819 3914 tectim

187 3953 301 4015 stitula
322 3968 339 4014 e
361 3953 515 4034 subjectis
530 3972 594 4018 non
616 3956 754 4035 amplias
777 3957 904 4038 pendet.
933 3960 979 4022 Ile
1032 3971 1177 4035 persona
1198 3953 1340 4033 juribus.
1362 3953 1454 4015 l'ires
1477 3952 1609 4033 quidem
1633 3951 1818 4015 individuo¹

188 4071 227 4116 se
242 4061 275 4116 ct
290 4054 476 4117 naturaliter
492 4055 636 4120 elevatur
655 4057 688 4120 in
708 4058 875 4122 altissimis
895 4059 979 4139 juris
1033 4073 1103 4120 rum
1118 4056 1292 4130 adduntur,
1305 4059 1751 4132 crescuntetaogmeutentar
1764 4069 1819 4132 per

186 4151 316 4226 aeterni,
340 4167 358 4214 a
386 4170 451 4234 qao
481 4171 608 4218 ornnem
639 4174 729 4220 suam
761 4157 979 4222 anctoritatem
1032 4155 1402 4234 coadunationeur,jaru
1428 4171 1580 4218 veronen
1605 4155 1818 4233 augmentari,

189 4251 304 4328 lralrit3
322 4252 475 4336 abeoquo
483 4255 555 4335 jara
568 4257 790 4322 inamissibilia
803 4268 833 4324 ot
845 4259 982 4338 impres·
1033 4275 1093 4321 nec
1118 4256 1221 4320 minui
1241 4255 1492 4334 pessumdans
1512 4261 1589 4318 sunl
1605 4253 1819 4318 immutabilia

190 4351 368 4431 criplibilia
395 4355 543 4434 acquirit.
569 4359 803 4440 Proptereaque
832 4359 979 4439 ejnsdem
1033 4365 1206 4430 aliotenus,
1222 4357 1298 4436 quie
1315 4353 1819 4444 taliseslessentiadivinaeque

193 4457 284 4536 leges
294 4454 395 4535 justo,
411 4457 697 4537 rer-o,juriaeterno
714 4461 841 4526 tandem
856 4459 981 4524 eonfor—
1035 4465 1234 4538 promanant,
1255 4457 1327 4519 tulis
1346 4463 1456 4518 natura
1472 4473 1580 4518 rerum
1605 4473 1685 4536 qaas
1704 4467 1821 4536 regunt

192 4572 264 4618 mes
285 4563 339 4618 aut
356 4572 418 4618 non
434 4557 601 4637 oqqrnsitte,
614 4567 686 4622 ante
699 4575 827 4624 omnem
840 4559 983 4626 subdito-
1034 4569 1065 4622 et
1080 4559 1279 4622 coordinant.
1298 4559 1357 4619 l'ot
1384 4563 1463 4636 quot
1490 4553 1625 4634 placebit
1652 4571 1819 4635 personas,

193 4672 269 4719 ram
283 4655 530 4735 acceptationem
547 4659 700 4738 obligant.
1035 4661 1131 4725 eliam
1148 4658 1402 4724 innumerabiles
1413 4658 1532 4734 addite,
1547 4674 1656 4721 aarum
1665 4658 1740 4738 jara
1750 4675 1823 4738 quar

236 4759 307 4819 Non
331 4754 418 4819 enim
448 4775 487 4820 ex
515 4759 718 4823 subditorum
739 4760 907 4836 electione,
932 4778 983 4826 ac·
1034 4770 1111 4825 sant
1130 4778 1187 4842 pro
1210 4777 1407 4840 urvuqaaque
1433 4767 1575 4833 manent,
1600 4765 1631 4820 et
1656 4766 1823 4838 nequeant

193 4856 442 4934 centuriauerat
461 4859 687 4938 approbatione
706 4877 796 4923 stram
811 4862 983 4925 anctorita-
1036 4861 1134 4924 unias
1147 4859 1617 4940 persoaejmlbasrrquallbus
1636 4857 1822 4936 prevalere.

196 4965 262 5018 tevn
285 4963 435 5035 potestas,
453 4975 511 5021 nec
529 4957 674 5038 ejusdem
692 4957 779 5039 leges
805 4977 895 5024 suurn
921 4961 983 5023 vim
1036 4965 1106 5025 Non
1136 4962 1236 5040 magis
1265 4960 1338 5022 licet
1368 4965 1496 5021 centum
1522 4957 1708 5020 hominibus
1727 4974 1823 5037 quam

195 5056 424 5136 obligatoriam
438 5059 578 5123 trabant.
595 5059 715 5121 Electio
729 5057 840 5123 forme
855 5079 913 5126 seu
928 5063 984 5124 de·
1036 5061 1096 5124 uni
1118 5059 1180 5124 soli
1200 5075 1311 5138 agrum
1339 5057 1443 5122 sellas
1468 5056 1610 5120 bominis
1641 5059 1739 5120 iurari
1769 5067 1825 5119 aut

198 5155 428 5238 positariorum
449 5159 626 5237 potestatis,
646 5156 748 5219 firmat
769 5157 872 5237 reipsa
897 5169 985 5240 pote·
1037 5161 1124 5226 lianc
1139 5158 1304 5222 hominem
1319 5158 1477 5230 occidere,
1493 5157 1582 5237 atqui
1599 5155 1659 5219 hoc
1670 5157 1710 5218 de
1720 5157 1825 5220 omn·
1913 5157 1920 5166 '

195 5265 313 5319 statem
324 5256 460 5338 ejusque
474 5256 821 5333 neeessariaattribata,
832 5265 863 5322 et
874 5259 985 5323 eadem
1036 5261 1099 5326 bas
1115 5259 1246 5341 juribus
1264 5275 1375 5321 veram
1392 5265 1452 5322 est.
1473 5257 1633 5322 violentia
1650 5264 1759 5321 contra
1769 5257 1825 5336 jas

196 5355 988 5436 lrisnutistishominibasinhaerentiareddit;pri·
1038 5368 1088 5426 est
1107 5376 1235 5439 semper
1257 5355 1440 5434 culpabilis,
1466 5365 1516 5420 est
1543 5373 1672 5436 semper
1691 5357 1826 5436 justitia

197 5457 498 5521 marioantemetin
513 5475 546 5520 se
561 5464 700 5536 potestas
711 5456 818 5538 aliqua
833 5456 923 5520 omni
936 5474 988 5520 so·
1042 5461 1171 5526 violatio
1185 5477 1258 5542 qaae
1273 5457 1510 5538 reparationem
1525 5457 1739 5521 necessariam
1757 5459 1827 5521 exi·

197 5558 309 5621 cintali
323 5559 501 5622 necessaria
517 5567 564 5624 est
574 5576 583 5634 ;
602 5557 669 5622 haec
684 5565 732 5622 est
742 5558 800 5622 llei
815 5559 987 5635 ordinatio,
1039 5564 1096 5643 git,
1114 5579 1154 5625 ex
1168 5560 1271 5640 regal.
1285 5559 1828 5641 juris.nouremittiturpcccotum,
1910 5642 1916 5652 Ι

196 5661 269 5725 hmo
284 5671 335 5726 est
349 5663 535 5740 necessitas,
549 5663 616 5727 inec
630 5671 679 5727 est
693 5680 802 5726 rerum
819 5670 945 5739 natura,
959 5673 990 5726 et
1038 5665 1103 5727 uiri
1113 5661 1527 5725 restitueturoblntum.·vls
1545 5667 1599 5726 aut
1610 5663 1695 5726 vires
1709 5661 1829 5726 coadu-

198 5761 235 5824 in
249 5778 289 5825 eo
302 5779 402 5826 sensu
421 5765 519 5826 omnir
536 5771 676 5844 poteslas
700 5782 719 5823 a
736 5765 797 5826 Deo
813 5773 875 5836 cst,-
890 5773 918 5826 et
935 5765 989 5845 qui
1043 5759 1276 5844 neloelegitime
1290 5769 1571 5842 agereneqaeant,
1583 5765 1645 5826 nisi
1656 5763 1695 5826 ad
1708 5767 1829 5830 tuenda
