4004 6458
258 319 312 385 66¹!
597 379 601 390 ,
733 318 1066 398 ,teutscaumttct
1086 321 1354 388 contuentem.
1475 373 1480 380 .
1836 327 1884 391 lid

260 429 484 508 temporisve!
510 429 651 492 hostium
670 431 785 508 iniuria
815 441 942 496 vesuta
969 435 1046 498 siut.
1104 439 1192 514 nlius
1207 439 1460 508 exsistatcausa.
1473 437 1886 517 propterquamcooiunctio

259 530 355 612 (Μ,
382 529 584 608 θινιιιριοι.
616 527 746 612 doato.)
765 529 797 594 Si
824 532 971 596 redditus
996 551 1052 598 ne·
1103 538 1183 602 iacta
1198 545 1258 614 est,
1276 538 1449 617 putatquod
1462 538 1635 601 cessorem
1647 547 1887 618 perapertasmut

259 627 391 692 cessarii
408 627 473 690 siut
495 626 533 690 ed
561 626 782 692 adolescentes
807 629 839 692 in
866 631 1051 695 seminariis
1106 638 1251 704 vastatio.
1281 635 1333 699 illa
1362 636 1664 700 rectedissolaitur.
1681 637 1884 702 Tuncautem

260 726 456 798 educandos,
487 725 535 788 vel
559 726 639 790 elias
667 727 706 790 ad
724 728 779 790 liei
809 729 932 792 cultum
949 734 1051 795 susti·
1105 738 1259 801 beneficia
1275 744 1463 817 recuperant
1485 745 1631 800 naturam
1646 753 1750 807 suam,
1766 753 1886 798 eorum·

262 829 420 890 neudum.
446 826 602 905 (Trideat.
620 846 703 891 sess.
718 829 769 904 23,
790 849 859 909 cap.
888 833 948 904 tac
970 849 1051 896 sess.
1104 854 1170 916 qrre
1185 837 1313 918 collatio
1335 841 1391 898 aul
1415 835 1632 915 praesentatio,
1649 834 1687 896 od
1711 833 1785 894 ilios
1802 835 1886 902 redit.

259 929 310 994 et.
335 945 366 989 c.
382 929 433 1002 15,
450 928 492 988 lla
518 927 661 1008 reform.)
678 929 853 1024 Graviores
877 944 1055 1001 autemre·
1103 958 1243 1018 carorum
1276 945 1349 1001 ante
1384 939 1539 1003 unionem
1571 938 1694 1012 luerat,
1723 939 1789 1002 niel
1815 939 1887 1004 lorte

259 1027 434 1106 qrriruutur
457 1045 572 1101 onusto,
601 1037 634 1091 ut
665 1039 787 1106 curata,
811 1050 909 1114 quam
926 1041 961 1097 ut
976 1034 1054 1095 sim·
1104 1041 1191 1104 atiud
1208 1040 1485 1104 constitutumelt.
1508 1061 1523 1097 ιι

260 1126 353 1204 plicia
382 1127 534 1190 beneflcio
562 1127 823 1209 conjungentem
852 1133 1051 1211 quinetiam
1293 1115 1294 1120 ἵ

259 1229 414 1292 berreficla
427 1237 517 1302 sent,
532 1247 671 1308 quorum
690 1231 784 1309 platta
798 1233 893 1296 vetita
913 1233 1051 1312 conjun-

260 1329 482 1392 ctioest.Neur
494 1331 1050 1396 diversarumbenoliciadimceseon
1144 1332 1201 1396 t·
1231 1333 1386 1394 Beneficia
1404 1333 1566 1394 interdurn
1584 1333 1711 1394 clericis
1730 1347 1889 1391 carnuten-

259 1429 475 1508 coagmentari
507 1442 683 1511 nequeunt.
716 1433 875 1512 (Tridcat.
903 1455 983 1498 sess.
999 1437 1050 1508 ιιι,
1106 1431 1233 1504 dantur,
1254 1433 1339 1492 unde
1355 1438 1432 1492 ortae
1446 1429 1674 1492 beneticiorum
1690 1428 1889 1494 commenda.

259 1546 329 1607 cup.
347 1529 377 1601 9,
398 1530 442 1590 Da
455 1531 594 1611 reform.)
610 1531 721 1610 Neque
736 1532 812 1595 item
832 1534 905 1596 licet
918 1536 1052 1614 coujuu·
1106 1547 1243 1606 utrarum
1260 1530 1351 1606 origo
1367 1545 1444 1592 salte
1461 1537 1555 1590 vetris
1570 1534 1630 1598 est,
1647 1529 1890 1606 adunatumque

259 1645 335 1708 gere
354 1631 507 1694 beneficia
527 1637 634 1694 curato
653 1633 872 1708 morrasteriis,
903 1635 1051 1706 ancariis,
1105 1630 1227 1692 abusus
1248 1647 1287 1692 ea
1302 1635 1390 1709 patrio
1404 1630 1557 1692 laieorum
1575 1629 1801 1709 reprimendos
1820 1632 1892 1689 narrt·
1980 1693 1981 1718 ¹

260 1729 485 1807 dignitatibus,
504 1733 683 1811 prebendis
710 1737 961 1806 canonicorum.
991 1737 1051 1798 ho.
1106 1738 1172 1790 tum
1206 1727 1403 1792 adlaboravit
1436 1729 1591 1792 Ecclesia.
1625 1728 1785 1790 Ceterum
1813 1745 1891 1790 cour·
1980 1721 1981 1744 ³

261 1827 450 1906 spitotieus.
479 1831 618 1909 altisque
649 1833 794 1910 collegiis
823 1833 914 1914 (totu.
945 1855 973 1899 o.
990 1838 1052 1914 13),
1105 1833 1366 1908 caeruleaeque
1400 1828 1543 1900 uectari,
1583 1847 1688 1908 neque
1727 1830 1891 1907 immolani

265 1927 419 1991 beneficia
448 1931 555 1992 libere
578 1931 760 1995 collationis
786 1935 949 1999 beneticiis
970 1938 1053 2018 juris
1104 1927 1299 2004 generatim,
1316 1929 1362 1989 llll
1382 1928 1604 1990 animadvertit
1623 1931 1753 2007 ngflssl·
1775 1929 1807 1990 5¹¹
1833 1945 1891 2006 reg.

262 2033 459 2104 rretronatus,
489 2045 528 2090 ne
559 2038 589 2091 et
609 2031 675 2110 ipsa
696 2033 764 2110 iuri
793 2044 983 2112 potronatus
999 2040 1054 2100 ob·
1104 2027 1156 2099 Μ»
1172 2029 1304 2091 cancell·
1323 2045 1354 2090 n·
1372 2028 1430 2100 ¹⁸93
1456 2035 1487 2090 ‘0¹
1511 2045 1595 2108 sffllll
1614 2029 1811 2092 multassent
1828 2048 1892 2091 ⁰⁸¹¹·

263 2127 357 2190 noxis
375 2128 521 2192 evodout.
538 2129 795 2209 (illusiones,
811 2151 879 2215 cap.
903 2137 935 2215 9,
951 2139 996 2199 lie
1008 2157 1056 2201 re.
1104 2149 1158 2205 ere,
1175 2149 1247 2214 qun
1264 2133 1333 2196 illas
1358 2131 1439 2194 iutra
1468 2141 1571 2195 tamen
1592 2132 1769 2195 Ecclesiam
1787 2143 1819 2194 ot
1831 2133 1891 2193 cla·
1981 2193 1982 2212 ¹

260 2227 370 2307 serm.)
418 2255 425 2266 ·
1106 2235 1189 2296 ricus
1206 2251 1269 2297 non
1287 2240 1408 2296 tantum
1426 2234 1534 2302 utiles.
1550 2232 1605 2296 sed
1625 2234 1723 2296 etiam
1751 2249 1891 2294 necessa-

301 2327 352 2391 lll.
374 2351 389 2387 a
414 2329 639 2396 solemnitates
658 2335 821 2414 pertinent
839 2340 876 2401 ed
894 2341 1052 2405 vocandos
1108 2334 1172 2395 rias
1187 2332 1320 2396 iaciunt.
1338 2333 1490 2412 Synorlus
1517 2332 1664 2394 'ir-idam.
1686 2348 1754 2392 reru
1771 2347 1891 2392 onrneru

263 2428 622 2506 claudiendosomnes,
639 2449 777 2512 quorum
796 2435 940 2509 interest,
957 2449 1052 2518 atque
1105 2449 1143 2495 et
1176 2433 1344 2510 prudentio
1382 2449 1418 2494 ιι
1452 2432 1570 2509 nietntu
1604 2433 1697 2492 littte-
1727 2429 1891 2507 pontilicis.

262 2525 299 2589 etl
325 2526 499 2606 legitimam
516 2532 726 2595 ecelesiastici
743 2536 922 2614 superioris
944 2550 1053 2602 sucro.
1104 2541 1134 2594 ut
1148 2553 1200 2609 rue
1217 2551 1254 2593 ex
1274 2541 1454 2609 tettrnornm
1477 2533 1598 2594 ratione
1611 2529 1765 2592 oesliauarl
1791 2528 1892 2589 voluit.

263 2629 401 2688 ritatem.
418 2629 577 2706 Principio
592 2632 775 2695 audiendus
801 2642 850 2696 est
866 2637 1051 2716 episeopus,
1144 2634 1202 2694 ll«
1220 2633 1323 2695 Hodie
1337 2632 1485 2713 iustisde
1498 2632 1605 2694 carrsis
1617 2627 1894 2692 contruendudsu·

261 2729 355 2806 cujus
386 2728 562 2795 dioeceseos
590 2732 743 2796 beneficia
768 2735 933 2814 jungenda
963 2748 1050 2810 suut,
1104 2743 1155 2795 tur
1187 2743 1218 2796 et
1246 2735 1364 2797 dentur
1387 2735 1426 2796 ab
1455 2749 1520 2795 uno
1546 2735 1640 2795 ltorn.
1669 2731 1892 2810 pontilice,cei

264 2829 505 2908 vocorrdlquoet
521 2832 671 2894 audiendi
689 2835 919 2912 suntabbetes,
932 2838 1050 2916 prelati
1107 2843 1229 2899 trurtnrn
1249 2842 1390 2912 potestas
1406 2841 1454 2896 est
1484 2831 1647 2896 relaxandi
1666 2847 1825 2904 canones,
1844 2829 1892 2908 qui

260 2927 446 3002 interiores,
461 2938 492 2991 et
509 2933 630 3009 patroni
657 2934 728 2997 sive
744 2935 967 3012 ecclesiastici,
982 2938 1052 3001 sire
1105 2934 1262 3014 regutaris
1279 2934 1433 2996 beneficia
1465 2933 1591 2995 clericis
1616 2929 1830 2994 saecularibus
1849 2947 1895 2989 aa·

263 3024 346 3098 laici,
365 3044 504 3104 quonam
532 3037 581 3092 est
597 3029 726 3094 collatio
753 3034 800 3097 vel
832 3038 1050 3114 praesentatio,
1105 3042 1180 3097 tatu.
1199 3033 1315 3096 Verbis
1331 3041 1437 3094 autern
1459 3031 1704 3110 notlrrs‚quam
1720 3048 1754 3092 re
1774 3043 1891 3092 raurrca
1983 3037 1984 3086 ἐ

261 3123 339 3186 item
357 3125 588 3190 beneficiorum
607 3131 822 3194 uniendorurn
837 3149 1051 3213 possessores,
1103 3133 1266 3196 beneficiis
1281 3133 1479 3195 commendas
1501 3131 1676 3204 differunt,
1697 3133 1853 3211 quoniam
1868 3139 1892 3191 et

262 3229 294 3286 et
307 3223 484 3301 capitulum
498 3228 640 3291 eceteste
652 3231 856 3304 cathedr-elis,
872 3234 943 3298 siue
961 3237 1052 3315 cujus
1103 3236 1151 3298 lue
1165 3238 1197 3296 iu
1215 3245 1405 3314 peraretuum
1421 3235 1537 3298 dautur
1552 3241 1584 3297 et
1599 3233 1734 3296 titulum
1751 3240 1892 3310 praestant

1184 1193 1208 1270 ἰ
1229 1195 1276 1253 ll.
1297 1226 1333 1238 -
1350 1195 1388 1252 lle
1406 1194 1579 1253 commendis
1594 1195 1806 1252 beneficiorum.

262 3344 424 3392 consensu
454 3331 625 3412 episcopus
641 3335 786 3412 graviore
804 3338 931 3416 negotiu
956 3357 1052 3418 expe·
1103 3341 1139 3402 arl
1158 3339 1288 3400 ordines
1302 3337 1541 3415 suscipiendos,
1559 3343 1591 3397 et
1606 3334 1717 3396 clerici
1735 3351 1893 3395 commen-

261 3425 330 3488 dire
343 3445 406 3490 non
420 3437 537 3507 potest.
552 3454 566 3486 a
1104 3439 1219 3502 dotarii
1237 3439 1351 3501 lisdem
1364 3437 1467 3500 lerme
1480 3435 1697 3515 prerogutlais
1713 3452 1750 3496 ac
1760 3435 1892 3513 inritus,

303 3551 317 3582 ι
340 3528 493 3605 Legitima
508 3531 895 3599 unionumlacleudarurn
915 3547 1054 3616 potestus
1105 3543 1226 3622 quilurs
1256 3539 1466 3614 borrelrciarii,
1499 3539 1661 3601 fruuntur.
1692 3539 1801 3612 Quare
1825 3537 1893 3598 libe·

265 3647 362 3706 'recres
376 3649 539 3694 summum
559 3635 743 3712 pontificem
760 3646 857 3718 utque
868 3640 1053 3718 episcopum
1107 3661 1170 3706 ram
1189 3642 1306 3704 hahent
1326 3641 1506 3704 reddituum
1530 3637 1853 3707 administrationem.
1866 3645 1892 3700 et

263 3736 324 3793 est.
345 3729 550 3795 cathedrales
564 3734 719 3798 ecclesias
742 3743 865 3801 tautum
890 3741 1055 3820 conjungit
1101 3745 1157 3825 jus
1174 3742 1400 3824 praesentandi.
1428 3739 1590 3818 eligendi,
1609 3737 1823 3810 conierandi;
1850 3755 1893 3796 ae-

264 3846 411 3892 summus
430 3830 586 3908 pontifex,
603 3833 659 3912 qui
679 3834 775 3897 etiam
798 3847 909 3900 caetera
931 3838 1054 3900 benail·
1108 3859 1178 3906 rum
1215 3841 1409 3904 monasterie
1439 3841 1610 3902 risitoatur
1650 3854 1667 3899 a
1700 3836 1892 3916 regularibus

263 3929 311 3992 cio
337 3931 555 4010 conjungendi
575 3932 712 4013 amplam
738 3935 834 4000 hebet
854 3946 1054 4016 potestatem.
1107 3941 1346 4019 superioribus,
1366 3939 1487 4017 quibus
1503 3939 1653 4008 subsunt,
1673 3943 1773 4017 alutae
1790 3939 1826 3996 ad
1844 3951 1892 3996 eos

262 4029 604 4106 Episcorausbeuelrcia
617 4038 1055 4114 consociusuodirecoscos‚
1108 4042 1250 4114 regimen
1271 4048 1301 4100 et
1325 4055 1399 4098 cura
1416 4037 1554 4114 pertinet
1572 4035 1731 4114 regularis
1750 4035 1890 4097 instituti.

264 4131 407 4210 exceptis
434 4131 528 4204 illis,
556 4151 628 4212 qarae
654 4135 694 4198 ab
724 4138 794 4216 ejus
827 4138 1055 4219 jurisdictione
1108 4139 1263 4220 (Tr-idem.
1282 4157 1363 4200 sess.
1380 4137 1432 4211 25,
1450 4155 1476 4200 c.
1494 4137 1559 4214 ιιι.)

264 4241 411 4310 exerunta
429 4241 516 4310 sunt,
535 4253 674 4317 quaeque
703 4241 770 4303 sedi
794 4242 979 4320 apostolice
998 4244 1057 4304 irn·
1148 4237 1495 4301 «Clericicourmendis
1509 4237 1608 4311 aucti,
1622 4234 1800 4316 plurimum
1812 4252 1891 4297 stram

264 4333 402 4398 mediate
419 4343 497 4398 sunt
515 4339 672 4418 subjecta,
694 4329 748 4402 itu
777 4350 935 4421 perpetuo
953 4361 1058 4407 reser-
1108 4343 1228 4406 liabent
1258 4357 1400 4402 mensam
1427 4357 1444 4401 o
1468 4339 1674 4402 conventuali
1703 4339 1889 4402 distinctam.

264 4435 607 4501 tuta.Cotereaute1n
635 4441 667 4502 in
684 4443 796 4519 primis
812 4445 985 4524 episcopus
1001 4447 1057 4506 de·
1108 4435 1265 4524 (Gaeooa.
1282 4441 1371 4512 Xlll.
1389 4441 1643 4519 consessiones
1656 4437 1723 4522 28.)
1750 4439 1788 4500 Et
1803 4456 1889 4517 orrar-

263 4535 330 4612 uer,
355 4555 397 4601 ne
424 4555 492 4602 succ
526 4558 646 4606 moeste
679 4544 833 4608 berrelrcie
867 4548 1055 4626 conjungat,
1109 4553 1172 4606 tam
1199 4546 1268 4623 ejus
1301 4550 1420 4619 nartem
1451 4541 1486 4602 iu
1510 4542 1661 4603 Ecclesiae
1684 4541 1890 4604 necessitates.

263 4645 393 4716 propter
407 4637 487 4702 lucri
503 4643 734 4722 suspicionem,
753 4664 769 4708 e
794 4663 856 4726 qua
882 4649 1057 4713 abliorrere
1107 4651 1164 4706 aut
1189 4643 1221 4704 in
1239 4657 1414 4720 [turanorum
1432 4641 1586 4702 alimenta
1603 4637 1751 4702 conferre
1774 4640 1889 4702 debent.

263 4737 418 4813 debet,et
448 4740 545 4804 etiam
570 4759 611 4807 ne
635 4745 867 4810 beneficiorum
899 4751 1056 4814 ursionem
1107 4745 1281 4807 Curnrcro
1312 4740 1699 4808 corutuunisruensoost.
1725 4737 1890 4800 deridebet

261 4836 808 4906 iaciatintroeorumaacatlonern.
1110 4848 1200 4913 tertia
1236 4863 1309 4925 pars
1343 4845 1487 4908 omnium
1523 4843 1685 4906 fructuum
1718 4837 1889 4904 morrasterii

304 4942 357 5005 tv.
378 4963 392 4998 ι
417 4943 643 5024 conjunctioni
665 4947 870 5012 ecclesiarum
896 4967 932 5014 uc
957 4951 1057 5016 bene·
1108 4947 1392 5028 commemlatinro
1406 4946 1561 5026 omnibus
1575 4945 1643 5006 illis
1658 4945 1889 5018 oneribussup·

263 5043 408 5106 liciorum
425 5047 601 5122 opponitur
616 5063 726 5108 eorum
738 5047 870 5127 divisio,
888 5069 943 5130 poc
959 5069 1055 5131 quem
1109 5051 1276 5130 portandis
1289 5055 1321 5110 ct
1340 5048 1576 5108 sustentatione
1592 5045 1832 5113 monachorum,
1860 5046 1889 5101 ut

262 5159 305 5207 ex
328 5159 391 5206 une
407 5145 562 5218 ecclesia.
579 5155 634 5209 aut
651 5148 808 5211 beneficio
829 5149 894 5212 duo
910 5151 1058 5216 ellioiun·
1108 5151 1216 5230 inquit
1245 5151 1310 5212 Leo
1337 5149 1368 5210 X
1396 5154 1501 5209 coust.
1526 5147 1677 5224 superare
1702 5146 1735 5208 8.
1754 5145 1789 5206 ln
1812 5141 1888 5205 ltalia

265 5250 328 5307 tur.
344 5245 469 5309 Divisio
492 5247 558 5312 haec
584 5251 762 5329 generatim
793 5259 842 5314 est
863 5255 974 5330 aetite,
992 5253 1056 5318 nisi
1110 5251 1251 5331 ullisque
1267 5249 1455 5328 regionibus
1473 5248 1511 5308 nd
1531 5261 1640 5309 sacros
1658 5246 1829 5324 capiendos
1846 5259 1889 5302 or·

263 5361 334 5408 earn
352 5348 494 5426 postulet
504 5349 592 5428 juste
618 5369 712 5414 causa
729 5352 877 5416 utilitatis
893 5362 923 5416 et
945 5371 1057 5418 neces·
1110 5350 1204 5414 dines
1226 5360 1255 5412 et
1276 5352 1313 5411 ad
1333 5347 1495 5410 assiduam
1524 5362 1659 5427 quoque
1686 5361 1806 5408 moram
1831 5341 1888 5403 adi·

264 5446 380 5511 sitatis.
398 5449 444 5530 (G.
462 5453 494 5524 8,
509 5453 560 5521 eti,
584 5451 624 5516 ott
646 5453 690 5514 lla
713 5453 824 5533 proi.)
842 5451 879 5515 ln
902 5471 937 5516 eo
965 5455 1059 5534 perli-
1110 5458 1243 5530 guntur,
1256 5449 1311 5512 ubi
1329 5445 1723 5511 commeodlsenimerum
1738 5461 1822 5516 cura,
1846 5437 1887 5500 tel

263 5545 377 5609 clauda
393 5550 527 5612 vocandi
550 5559 919 5632 eminentissimorum
951 5552 1053 5614 inter·
1111 5549 1354 5622 monachorum,
1374 5549 1421 5610 rel
1440 5547 1643 5611 secularium
1671 5548 1818 5625 adjuncta
1840 5540 1885 5602 sit.

266 5651 328 5718 est,
343 5662 379 5709 ac
407 5651 588 5714 necessario
604 5658 653 5712 est
674 5655 846 5716 auctoritas
862 5653 1056 5732 ejusdam,a
1111 5654 1244 5731 Semper
1270 5656 1379 5712 arrtem
1403 5646 1557 5710 uerreuota
1582 5644 1803 5709 commendata
1820 5637 1887 5702 reti·

265 5759 335 5822 quo
353 5747 538 5827 conjrmctio
555 5751 748 5816 decernitur.
769 5753 834 5816 loro
859 5755 885 5815 ai
905 5769 971 5816 non
985 5771 1056 5816 ern·-
1113 5763 1189 5818 nent
1203 5762 1347 5816 naturum
1362 5767 1466 5824 suam,
1483 5763 1668 5831 quanquam
1682 5739 1886 5826 longousotir
