4042 6458
135 393 177 458 tlt
419 395 516 455 PARS
535 393 592 454 111.
613 391 662 454 DE
681 387 877 454 PERSONIS.
898 409 933 424 ··
945 389 1019 451 tta.
1041 391 1093 452 tx.
1110 391 1159 453 DE
1177 392 1312 470 tultus,
1330 394 1412 460 aad.
1686 396 1740 464 lii

133 505 257 572 canaria
284 505 443 584 pontilicis
460 507 611 572 Ecclesia
625 507 817 572 monarchia
847 507 901 569 in·
955 507 1171 599 Fundamenta
1190 509 1357 574 militantis
1373 512 1532 591 Ecclesia,
1547 513 1678 580 relatam
1706 517 1741 582 in

133 607 347 688 dependentia.
376 608 540 671 Thronum
569 609 701 672 Caesaris
725 607 903 672 humanum
957 607 1392 688 eap.t·t,tit.v11›ectnt.
1424 612 1518 677 lih.r
1566 615 1654 678 Sexti
1674 615 1740 678 Da·

132 707 399 786 Constantinopoli
436 706 637 783 transfertur,
679 715 713 772 ut
744 727 796 789 per
837 709 903 772 rim
957 707 1080 783 arctat,
1104 707 1174 772 ibis
1206 709 1373 775 Nepotem
1394 711 1584 791 ipsomnter
1598 714 1742 779 Ecclesia
1819 773 1821 776 .

134 816 297 872 eventuum
311 809 549 872 adducerentur
562 807 661 871 ltaliae
675 809 833 889 populiad
849 825 904 873 eo·
956 808 991 869 in
1005 809 1245 888 couprepntione
1275 818 1305 871 at
1332 819 1466 888 pastura
1499 812 1636 891 fidelium
1664 824 1741 877 ten·

132 925 193 972 rum
218 907 441 972 defensionem
468 913 500 970 et
530 906 667 971 salutem
684 917 800 971 sanctae
830 909 903 972 sadi
953 907 1120 987 parotides
1147 918 1268 972 careret
1288 913 1432 985 auxiliis,
1448 914 1524 992 puin
1542 915 1649 994 potina
1663 917 1743 994 ipsis

130 1007 303 1088 apostatice
328 1007 523 1084 debendam,
554 1007 734 1089 populique
751 1008 836 1071 Petri
849 1025 904 1088 pa·
956 1005 1077 1089 adjuta,
1107 1010 1331 1089 spiritualibus
1349 1013 1742 1092 proficeretincrenrentisg

131 1107 264 1170 trimonii
289 1107 329 1170 ad
357 1107 484 1170 civilem
505 1108 665 1186 pontilicis
684 1109 818 1172 Romani
834 1125 904 1172 mo·
956 1107 1148 1188 nonchspne
1165 1109 1320 1172 miraculo
1334 1113 1451 1191 [netum
1467 1131 1531 1173 esse
1550 1115 1741 1192 concipitur,

131 1204 282 1267 narnhiam
314 1205 415 1266 relati
439 1203 646 1282 priuilegium
672 1203 904 1268 atcmlihene-
956 1213 994 1266 ut
1025 1209 1264 1272 occasionaliter
1298 1211 1502 1274 Constantini
1527 1214 1739 1290 monarches

131 1305 227 1368 licium
256 1305 511 1383 agnoscendum.
545 1304 665 1366 Eadem
701 1301 905 1366 Providentia
957 1307 1021 1366 ileo
1066 1309 1206 1387 prouisa,
1240 1309 1295 1372 scd
1336 1323 1448 1372 curato
1505 1311 1743 1391 baptismalibus

130 1407 220 1478 ducti,
241 1405 419 1484 pontifices,
440 1404 560 1468 Christi
588 1403 675 1484 regis
692 1403 815 1479 vicarii,
844 1402 905 1464 im·
955 1409 1292 1490 sementisinpirruitcs,
1314 1411 1476 1491 qnamdam
1491 1418 1582 1491 quasi
1594 1413 1745 1494 adjiceret

130 1507 246 1587 perium
277 1505 476 1569 catholicum
514 1505 693 1566 Romanum
742 1509 903 1577 crearunt,
958 1511 1185 1590 ipsiErclesic
1203 1497 1461 1592 firmitatem,pni
1488 1519 1600 1590 quarte
1624 1513 1674 1574 die
1692 1515 1746 1574 sni

129 1607 270 1684 illudque
282 1605 395 1667 tandiu
414 1612 583 1666 servarunt
598 1603 742 1684 quandin
758 1617 904 1681 perman·
958 1610 1168 1690 baptismati„
1197 1629 1260 1672 nna
1278 1629 1348 1672 cnm
1363 1610 1506 1678 omnipne
1527 1613 1677 1690 satrapis,
1715 1621 1745 1673 es

127 1709 167 1770 sit
192 1706 295 1769 noetis
327 1704 494 1768 essentiali
533 1702 698 1782 dignitatis
726 1699 905 1780 impetistis
958 1711 1104 1772 uniuerso
1120 1718 1241 1780 ssnotn,
1258 1711 1460 1790 optimatibus
1476 1712 1567 1772 ctiam
1588 1719 1616 1771 et
1632 1720 1744 1773 cuncto

131 1803 328 1884 obligationi,
349 1803 474 1866 scilieet
494 1803 608 1866 tuendi
645 1819 681 1864 ua
710 1800 905 1864 defendendi
955 1809 1089 1888 popule,
1107 1810 1142 1871 in
1159 1825 1297 1888 persono
1312 1809 1394 1872 ocati
1416 1809 1584 1888 Spicum,
1607 1810 1669 1873 stoc·
1684 1807 1763 1872 po:

128 1904 296 1970 Ecclesiam
331 1911 500 1984 statusque
515 1919 598 1984 quos
616 1902 738 1966 anulla
751 1907 905 1980 potestate
958 1923 1080 1966 monam
1102 1905 1295 1968 concertendo
1310 1907 1419 1968 ortem
1444 1907 1637 1988 relinquens,
1658 1907 1696 1972 ab
1712 1926 1746 1970 ee

127 2005 261 2068 humana
284 2003 417 2082 accepit.
438 2003 555 2066 Eadem
585 2002 802 2066 Prouidentia
823 2001 906 2064 actio
960 2011 989 2067 et
1031 2005 1260 2068 successorihus
1307 2007 1385 2086 ejus,
1419 2025 1476 2087 per
1516 2009 1746 2088 prapmcticnm

126 2105 241 2167 italicis
272 2101 584 2184 populisinspirarit
601 2101 905 2165 innatnmamoram
961 2107 1167 2169 constitutum
1194 2107 1421 2186 disponendam
1449 2125 1514 2170 essa
1557 2109 1746 2188 (decernens

126 2213 157 2268 et
174 2205 469 2286 proclivitatemin
486 2201 717 2281 municipalem
744 2200 906 2278 indepen·
961 2205 1083 2284 inipso
1113 2206 1192 2268 rrrbe
1228 2207 1399 2288 utriusque
1430 2210 1595 2286 potestatis
1619 2225 1747 2271 monar-

126 2306 274 2378 dentiam,
301 2311 409 2368 contra
432 2301 908 2383 quamseseconiiingereina·
960 2303 1063 2365 chiam
1077 2303 1228 2366 Romanis
1250 2303 1747 2384 pontificibus)declararetrnon
1785 2355 1787 2362 ,

125 2403 320 2466 instabiliter
353 2403 484 2466 ueniant
510 2399 686 2466 tentamina
702 2400 835 2463 unitatis
851 2412 908 2462 na·
954 2405 1075 2485 ,instem
1100 2404 1271 2476 arbitrans,
1305 2409 1342 2464 nt
1371 2404 1427 2466 eti
1457 2404 1625 2466 sacerdotii
1657 2405 1748 2486 prin·

125 2503 254 2566 tinnulis
282 2503 368 2566 inter
386 2501 538 2581 populos,
554 2500 753 2581 quosorigo,
770 2498 906 2580 physica
961 2507 1111 2584 cipetum,
1145 2513 1174 2566 et
1218 2505 1406 2568 Christiana
1441 2505 1606 2584 retipionis
1652 2511 1748 2586 capnt

124 2602 523 2681 moralisqueconnttntio
538 2608 601 2664 tam
617 2601 763 2665 diuersos
779 2610 908 2680 tamone
962 2603 1134 2682 imperator
1161 2601 1294 2665 celastis
1318 2602 1468 2678 institnit,
1496 2602 1749 2683 illicimpcrntor

125 2703 245 2766 insuis
280 2703 454 2768 desideriis
489 2709 522 2766 et
551 2702 712 2766 interesse
741 2700 907 2782 oppositos
964 2707 1109 2762 teneone
1147 2700 1259 2762 hahent
1290 2709 1478 2780 potestatem
1499 2702 1602 2779 :puin
1649 2703 1748 2781 nepte

123 2801 281 2866 iecerunt.
298 2801 648 2883 liujusmodinaturale
661 2803 831 2883 ingenium
845 2802 909 2864 lta·
963 2797 1034 2878 ipse
1061 2797 1152 2860 Petri
1186 2797 1273 2858 aedes
1301 2799 1485 2860 initonuno
1518 2800 1586 2880 jam
1610 2802 1748 2881 proprio

123 2903 200 2966 liam
230 2909 403 2982 operuerat
430 2902 641 2968 multitudine
665 2919 834 2983 parvarum
862 2918 912 2965 re·
962 2896 1041 2957 solio
1068 2896 1233 2970 collocato,
1250 2894 1395 2958 libertate
1413 2897 1506 2976 plene
1524 2899 1746 2976 insuisnpen-

123 3002 328 3083 publicarum
357 3008 431 3066 ante
456 3005 673 3066 Romanorum
698 3005 909 3084 antiquorum
963 2995 1085 3075 disper
1106 2997 1402 3076 omttt'apott'rcturt
1433 3014 1488 3060 ttee
1526 2997 1588 3060 ttllt'
1625 2997 1749 3060 subesse

122 3103 421 3183 wnqujsipponpm
437 3102 523 3166 idem
540 3103 710 3182 ingenium
741 3103 910 3167 indespm.
964 3097 1094 3169 homini,
1111 3112 1178 3175 qun
1200 3113 1254 3157 ora
1272 3095 1379 3158 diuino
1399 3097 1522 3159 cunctis
1550 3095 1751 3176 dipnoscitur

122 3202 253 3278 utibile,
285 3209 358 3282 post
374 3204 531 3266 Quium
546 3204 676 3282 imperii
699 3203 909 3278 dirutionem,
965 3213 1030 3257 esse
1050 3198 1196 3275 prealato.
1221 3201 1303 3276 Ergo
1325 3198 1554 3261 Consldnlintls
1576 3206 1750 3261 exsecutus

123 3297 257 3360 reduxit
282 3312 454 3375 parvorum
482 3305 625 3360 statuum
656 3295 911 3359 Christianorum
965 3302 1014 3357 est
1042 3297 1128 3375 qued
1158 3313 1271 3360 exone
1294 3296 1405 3360 divino
1441 3297 1644 3375 dig-noscitur
1678 3313 1750 3360 essa

122 3396 370 3460 multitudinem
385 3395 419 3458 ln
445 3395 628 3476 peninsula,
647 3396 792 3458 exomni
824 3403 911 3474 parte
966 3394 1140 3472 prolatum,
1189 3396 1313 3458 scilicet
1353 3407 1388 3459 ut
1418 3397 1503 3458 Petri
1534 3397 1628 3460 sedas
1666 3398 1749 3460 nulli

121 3495 913 3576 sitorum,ntessentquasiantepasiterpatrimo·
965 3495 1115 3558 subesset
1155 3493 1289 3570 bomini,
1322 3511 1395 3573 quoe
1430 3495 1554 3558 cunctis
1591 3495 1749 3560 divinitus

121 3597 376 3676 ntinncugeeui
391 3596 697 3675 independentiaeet
715 3597 912 3677 integritatis
966 3602 1013 3658 est
1027 3595 1166 3674 praelata.
1192 3595 1277 3674 Ergo
1295 3593 1437 3674 pontilari
1459 3597 1623 3658 Romanus
1655 3596 1753 3659 etianr
1796 3673 1801 3680 ¹

120 3695 913 3778 detensi-onesetpropugnaeute.aorumdemmn-
966 3695 1151 3775 temporalis
1187 3695 1353 3775 potestatis
1389 3697 1606 3759 monarchiam
1635 3707 1652 3758 a
1683 3697 1751 3760 aee

121 3806 181 3862 tua
198 3798 358 3872 debilitas,
378 3807 474 3879 atqua
492 3799 652 3862 interesse
668 3800 914 3863 sireinridiosn
966 3801 1058 3858 tanat
1076 3807 1133 3872 per
1155 3794 1435 3858 instrumentalem
1457 3811 1585 3859 oausam
1600 3797 1752 3860 Constan-

119 3895 392 3974 independentira
407 3903 470 3958 tam
498 3896 657 3975 opposita,
673 3913 712 3959 ex
731 3896 912 3960 manifestis
967 3895 1041 3969 tini,
1064 3913 1128 3957 nnn
1150 3911 1218 3956 cnm
1231 3895 1372 3957 omnious
1387 3897 1536 3975 satrapis,
1562 3898 1751 3958 etuniuers'o

120 3995 345 4058 Providentiae
366 3995 529 4070 consiliis,
558 3996 747 4059 naturaliter
765 3995 915 4060 lecerunt
968 4005 1091 4072 senatu,
1123 3995 1439 4076 munditenentem,
1455 4001 1606 4084 etcnnrto
1619 3995 1750 4074 popula,-

119 4095 525 4158 sanctamsedemeorum
548 4111 742 4160 sunerannm
769 4097 914 4177 judicem
967 4100 1074 4162 idest
1099 4115 1139 4161 aa
1173 4096 1386 4160 cenventicna
1412 4103 1443 4158 et
1478 4105 1641 4159 contractu
1665 4096 1753 4177 juris

119 4197 217 4258 inter
245 4196 334 4272 ipsos
367 4196 617 4271 discordiarum,
653 4214 690 4260 ac
726 4199 915 4262 eorumdem
968 4197 1150 4271 naturalis;
1187 4197 1243 4258 sed
1279 4195 1374 4256 etism
1410 4195 1493 4275 juris
1531 4195 1752 4270 divini,-cunl

119 4295 354 4374 prosperitatis
368 4301 528 4358 centrum.
544 4296 682 4371 Bellum,
700 4297 911 4374 rebelliones,
969 4297 1196 4360 Constantinus
1239 4313 1302 4355 non
1311 4285 1436 4375 justum
1476 4295 1684 4358 arbitraretur
1715 4305 1753 4358 nt

119 4395 318 4458 invasiones
340 4395 375 4456 in
400 4396 576 4475 temporale
598 4397 751 4461 Ecclesia
777 4415 914 4479 regnum
967 4395 1023 4458 nbi
1050 4394 1221 4456 sacerdotii
1254 4397 1485 4474 principatum,
1513 4403 1541 4457 et
1568 4395 1755 4459 Christiane

118 4509 259 4570 semper
284 4500 441 4556 venerunt
459 4508 497 4556 ex
510 4493 591 4556 ultra
620 4494 756 4558 marium
777 4504 808 4558 et
824 4512 916 4558 mon·
968 4495 1131 4573 relipionis
1150 4499 1244 4572 capnt
1268 4494 1442 4572 imperator
1456 4491 1586 4554 celestis
1601 4493 1752 4566 institnit,

117 4593 233 4666 tium;
265 4592 474 4671 excitataque
502 4595 636 4658 fuerunt
671 4597 915 4660 renascentibus
970 4595 1039 4659 illic
1061 4595 1234 4674 imperator
1258 4603 1401 4655 terrenus
1428 4593 1537 4656 hahent
1556 4596 1751 4672 potestatem.

116 4691 914 4777 attentatishujusmodiprincipiscupidiregnum
971 4699 1011 4758 Et
1040 4695 1146 4777 pergit
1165 4694 1252 4756 idem
1274 4695 1360 4772 pont.
1387 4681 1655 4767 illectamentis
1680 4691 1751 4782 eod.

117 4793 251 4856 Christi
266 4793 300 4855 in
328 4794 423 4856 terris
437 4793 639 4869 destruendi,
660 4801 691 4856 et
711 4797 915 4876 regrediendi
969 4808 1038 4872 cap.
1064 4791 1182 4854 :Daret
1205 4807 1334 4870 nnnqn
1349 4788 1415 4868 ipsi
1437 4789 1576 4850 Romano
1594 4789 1754 4868 pontifici,

115 4893 162 4955 in
188 4893 364 4971 imperium
387 4909 427 4954 ex
450 4909 515 4973 quo
543 4910 597 4971 per
619 4895 723 4956 crucis
750 4897 915 4958 uictoriam
969 4895 1157 4973 persrotres
1179 4905 1254 4954 snos
1281 4895 1490 4952 sacrosanctae
1514 4890 1659 4951 Romano
1697 4889 1759 4951 lie·
1823 4919 1825 4924 ·

115 4990 256 5072 eiectus
272 5000 333 5057 ast.
354 4993 414 5054 Sed
430 4993 594 5056 invitisad
611 5001 741 5072 tempas
758 4994 916 5075 principis
971 4985 1071 5055 alesin
1099 4991 1276 5054 cardinales·
1304 4991 1372 5075 (qui
1399 4990 1462 5053 sihi
1487 4990 1522 5052 in
1546 4989 1756 5052 exsecutione

117 5090 370 5158 malirictoriis
384 5091 543 5170 fugitivis,
560 5095 646 5155 Deus
666 5093 736 5155 suis
749 5095 916 5171 promissis
971 5083 1066 5156 cilicii
1100 5093 1307 5155 sacerdotalis
1342 5093 1545 5172 coadjutores
1581 5089 1756 5162 exsistunt)

113 5209 261 5271 semper
284 5192 389 5256 tidelis
406 5209 482 5272 erga
500 5205 591 5256 snam
607 5193 781 5258 Ecclesiam
805 5196 915 5258 invan-
972 5193 1070 5255 tidern
1080 5193 1248 5272 provenire
1266 5193 1400 5253 connita
1414 5212 1425 5253 .·
1440 5191 1525 5252 decet
1538 5191 1638 5272 ipsius
1649 5189 1756 5252 nollo·

112 5295 259 5353 tuaest.
446 5361 450 5369 ,
692 5315 696 5324 ’
970 5290 1060 5352 modo
1097 5291 1245 5351 vacillare
1276 5291 1430 5372 judicic:
1453 5301 1490 5352 nt
1521 5292 1638 5369 [ratres
1667 5291 1757 5369 ipsos

122 5445 130 5454 ‚
166 5390 229 5452 IV.
246 5391 325 5463 Quae
339 5405 436 5469 supra
467 5390 655 5456 dictasunt
696 5409 783 5457 nnnc
826 5393 918 5458 tantis
970 5388 1079 5450 nulius
1095 5390 1255 5451 secutoris
1280 5390 1446 5467 potestatis
1468 5397 1569 5450 metus
1586 5397 1754 5462 emtcrrect,

111 5492 157 5550 et
203 5487 375 5549 eventibus
405 5487 653 5555 demonstranda
688 5492 854 5555 habemns.
882 5497 919 5556 Et
973 5488 1081 5550 nullus
1111 5485 1293 5569 temporalis
1323 5473 1618 5570 pancratiasten,
1649 5488 1757 5550 nntius

110 5582 296 5662 imprimis
323 5584 475 5662 primaria
502 5588 596 5666 origo
620 5589 763 5654 humana·
795 5600 921 5654 monar-
974 5593 1017 5654 eis
1041 5600 1147 5652 terror
1172 5589 1341 5662 imminent,
1367 5587 1452 5651 nihil
1468 5597 1520 5668 eos
1546 5607 1569 5648 o
1603 5589 1671 5650 arri
1684 5605 1758 5650 eon·

110 5679 214 5743 chiae
234 5682 648 5760 temporalisltomanorum
662 5689 846 5768 pontificum
865 5701 920 5753 ex·
973 5689 1041 5754 sitii
1068 5687 1229 5752 soliditate
1259 5698 1414 5752 renovent
1439 5709 1449 5750 .·
1479 5691 1567 5768 puin,
1598 5705 1668 5750 cnm
1698 5675 1758 5768 per

113 5780 267 5847 monitor
288 5784 615 5850 percenstituttonem
630 5787 917 5858 Nicolainaoaellt.
977 5791 1078 5854 insorn
1104 5783 1273 5854 romanon
1288 5790 1463 5858 nuntiarent
1478 5791 1510 5854 in
1525 5789 1758 5870 potonscnapne
