4044 6458
112 415 157 484 pli
312 409 409 474 PARS
426 409 461 472 l‘.
481 409 529 470 DE
548 407 724 468 tituletis,
743 430 777 446 ··
794 403 867 467 tiit.
889 403 978 467 lilii.
995 401 1044 465 itti
1064 399 1253 462 ECCLESIAE
1275 399 1503 460 rurusrtrp.
1664 403 1717 466 tls

111 535 207 598 sente,
222 526 406 604 procurator
423 532 480 597 pro
493 515 636 581 eltseute.
662 547 697 562 -
722 517 753 578 2.
771 515 877 577 Adto-
936 509 1056 593 pellere
1075 510 1222 572 eumdem
1242 509 1363 589 iudex,
1383 507 1432 572 rel
1449 507 1651 588 magistratus
1668 529 1721 592 po·

111 633 189 690 catus
215 622 308 686 debet
333 633 405 682 esse
429 615 515 698 juris
539 616 682 695 peritus,
705 613 770 677 imo
793 614 878 695 juris
933 611 1022 683 ierit,
1042 609 1138 671 etiam
1156 608 1218 670 sub
1235 623 1324 686 poena
1340 608 1525 686 privationis
1541 609 1648 673 oillcli.

111 727 264 788 doctorum
286 716 413 799 judicio
436 713 647 795 approbatum
671 713 704 777 in
726 709 879 792 procura·
973 711 1023 774 ill.
1045 711 1179 786 Quinam
1190 710 1317 789 possint
1332 708 1484 772 odaocurc
1504 724 1561 774 scu
1580 711 1719 794 officiunt

110 831 171 888 lore
187 835 259 883 vero
273 833 336 881 non
354 823 417 880 tam
434 815 584 888 scientia,
601 829 695 894 quam
711 811 879 890 diligentia
931 807 1075 871 cduocuti
1088 809 1270 888 suscipere?

111 920 381 1000 renuntiandum
398 931 519 991 cause,
545 931 605 978 seu
629 913 749 992 negotii
774 909 878 975 admi·
972 907 1121 970 Diximus
1139 923 1236 986 supre
1262 909 1278 982 i
1303 907 1342 982 a,
1367 908 1413 968 Dc
1430 911 1718 990 procuratoribus,

111 1017 319 1086 nistrationem
338 1021 459 1079 tanturn
484 1013 607 1077 hebeat.
626 1037 641 1072 s
663 1045 703 1062 -
722 1011 754 1075 θ.
774 1013 880 1074 tideo·
933 1023 966 1072 n·
992 1007 1022 1071 i.

111 1116 164 1180 otti
184 1109 321 1174 cilicium
341 1110 522 1190 pubiicum,
551 1117 582 1173 et
606 1109 793 1174 honorabile
813 1115 878 1182 est,
975 1107 1042 1168 illl.
1066 1105 1153 1168 lieet
1167 1105 1318 1169 advoluto
1334 1107 1450 1188 pacisci
1464 1107 1504 1174 de
1521 1109 1637 1173 anlerio
1654 1111 1718 1173 sol-

111 1214 276 1294 muiiisque
299 1213 414 1295 gaudet
437 1211 640 1296 privilegiis3
666 1212 880 1293 procuratoris
934 1206 1036 1266 tendo
1053 1219 1145 1266 &suo
1160 1203 1289 1268 cliente·

111 1313 237 1378 cilicium
259 1320 308 1376 est
331 1313 433 1392 magis
461 1313 639 1393 privatum,
662 1313 726 1375 tile
749 1318 781 1376 et
804 1327 882 1374 one·
977 1302 1061 1364 Vlll·
1083 1301 1241 1377 Quiumm
1264 1319 1375 1364 ΝΜ*
1392 1303 1591 1382 limiam
1614 1309 1716 1368 ‘¹⁴⁸⁶‘-

111 1425 219 1474 rosum.
235 1409 317 1472 -δ,
330 1411 408 1472 Cum
432 1417 636 1488 procuratore
662 1409 879 1482 contrabitur,
932 1417 1007 1479 perc
1021 1402 1144 1480 possint
1167 1399 1334 1468 aduocati?
1360 1435 1397 1450 ·-
1423 1404 1581 1466 «Certum
1602 1415 1649 1468 cat
1668 1408 1715 1482 i·,

111 1507 228 1590 quondo
251 1507 435 1570 mundatum
463 1509 621 1588 suscipit,
650 1509 790 1589 ideoque
816 1525 879 1572 non
934 1516 998 1563 non
1017 1518 1110 1580 posse
1125 1501 1164 1563 ttlt
1180 1500 1259 1579 ipsis
1274 1501 1394 1582 suscipi
1408 1519 1535 1566 causum
1551 1506 1715 1586 injustam3

111 1609 203 1688 potest
222 1606 310 1685 cogi3
331 1621 394 1668 non
414 1614 520 1670 eutem
545 1623 619 1670 cum
641 1607 810 1680 advocato,
836 1609 881 1670 si·
933 1600 1080 1680 ulioquin
1096 1601 1123 1664 si
1142 1602 1248 1664 sciens
1268 1602 1299 1664 id
1318 1599 1449 1677 lecerit,
1471 1605 1633 1668 tenebitur
1648 1615 1715 1672 tutu

111 1705 230 1787 quidem
244 1703 383 1770 officium
398 1707 470 1786 ejus
483 1713 532 1769 est
547 1707 723 1785 publicum,
740 1706 879 1784 ideoque
935 1699 1016 1780 pttii
1044 1699 1141 1771 loesoe.
1165 1707 1231 1762 ium
1259 1700 1387 1776 clienti,
1416 1702 1445 1764 si
1473 1717 1548 1766 eum
1574 1705 1717 1797 deeepit,

110 1803 173 1883 eogi
191 1809 291 1882 potest
306 1819 322 1866 e
336 1802 447 1884 jndice
459 1804 498 1866 orl
514 1805 758 1884 suscipiendum
778 1813 881 1884 petro.
933 1797 1043 1860 dicens
1057 1812 1127 1859 esse
1139 1796 1256 1877 justum
1272 1799 1464 1872 causum,ad
1481 1800 1716 1867 restitutionem

111 1904 219 1966 cittium
234 1917 351 1966 cause.
366 1937 406 1950 —
419 1903 449 1966 ii.
473 1903 679 1976 Procurator,
702 1903 729 1964 si
753 1919 881 1966 causam
934 1892 1041 1958 domni
1058 1893 1184 1956 illiti»

111 2004 184 2070 male
198 2003 320 2084 egerit,
335 2003 386 2067 rel
401 2021 473 2067 eum
493 2001 678 2066 adversario
692 2001 879 2076 colluserit,
973 2015 989 2052 ¹
1011 1993 1137 2058 Corium
1151 2005 1197 2058 etl
1211 1993 1258 2067 2⁹.
1279 2009 1342 2058 110ss
1365 2011 1437 2059 0⁸⁸0
1453 2013 1552 2076 Olll¹⁸c
1572 2007 1607 2062 ¹1⁸
1620 2002 1720 2067 idio·

110 2111 226 2168 tenetur
242 2105 370 2167 actione
387 2103 538 2167 mandeti.
556 2104 736 2166 invocatus
751 2118 828 2166 vero
842 2117 881 2166 eo
933 2101 1022 2158 etius
1040 2093 1083 2158 sit
1100 2103 1206 2160 certus
1221 2096 1261 2159 de
1268 2096 1395 2177 iustitio
1408 2115 1523 2179 oausae,
1539 2119 1633 2184 quem
1650 2123 1720 2171 sus·

110 2219 177 2264 casu
191 2217 253 2264 non
271 2218 311 2264 ex
325 2201 558 2276 mandet0,sed
572 2202 611 2264 de
624 2202 881 2280 praevaricatione
934 2193 1030 2272 cliiii
1063 2194 1139 2274 (luit
1168 2202 1271 2274 polest
1294 2196 1459 2276 suscipere
1483 2199 1719 2268 defendendam

111 2301 274 2364 tenebitur.
298 2333 336 2348 ·-
356 2301 387 2363 d.
406 2302 595 2364 Procurator
621 2309 691 2380 post
715 2300 783 2363 litis
807 2317 883 2365 con·
934 2295 1173 2358 contumetiam
1192 2310 1280 2358 mere
1304 2295 1527 2372 probibilem·
1552 2301 1664 2365 stilum
1689 2306 1719 2368 si

111 2401 302 2463 testationem
319 2401 352 2462 nt
365 2399 518 2463 dominus
531 2399 615 2474 litts;
627 2400 798 2464 advocatus
816 2417 880 2464 non
934 2395 1079 2474 citoque
1102 2393 1295 2474 probabilis,
1317 2396 1365 2458 rei
1389 2396 1604 2474 probabilior,
1621 2419 1717 2481 quam

110 2500 187 2563 item.
934 2493 1376 2573 sitoausaoppositepertis.
1393 2494 1577 2560 sihoenon
1595 2499 1718 2580 liceret,

145 2603 192 2664 tv,
215 2602 461 2675 revocatorum,
504 2603 534 2666 1,
564 2601 619 2664 „tit
642 2608 717 2666 ,unt
739 2599 881 2681 penitet,
936 2591 990 2654 rix
1012 2608 1156 2673 unquam
1185 2591 1297 2656 liceret
1320 2594 1472 2659 advocato
1503 2599 1719 2675 patrocinium

110 2699 159 2778 qui
172 2698 205 2761 in
221 2699 329 2764 causis
346 2699 503 2780 publicis,
519 2706 551 2764 ei
563 2699 630 2765 lisci
644 2715 774 2780 operatu
790 2715 883 2762 susm
935 2696 1153 2774 interponere,
1169 2709 1241 2756 cum
1265 2693 1336 2756 lites
1351 2694 1419 2759 lero
1436 2711 1549 2760 omues
1573 2701 1721 2766 oriantur

111 2799 313 2880 impendunt3
328 2800 383 2864 elii
405 2803 544 2882 privati,
560 2803 617 2883 qui
639 2817 769 2883 oporam
790 2816 882 2865 snam
936 2809 975 2855 ex
992 2809 1046 2865 re·
1062 2790 1112 2856 iel
1128 2790 1210 2856 ΜΟ
1224 2791 1336 2856 dubio·
1353 2816 1369 2851 ν

111 2907 248 2978 prestant
274 2900 309 2963 io
334 2902 440 2964 causis
466 2902 675 2980 privatorum.
701 2935 740 2947 -
759 2903 790 2965 2.
817 2899 883 2963 Alii
975 2915 991 2950 s
1012 2893 1138 2957 Certum
1153 2900 1199 2954 est
1218 2893 1267 2968 θ’,
1288 2909 1350 2956 11οη
1378 2911 1472 2975 tt0sse
1500 2895 1592 2960 illum
1617 2901 1721 2964 susci·

112 2997 280 3072 ordinarii,
296 2999 351 3078 qui
368 2999 495 3077 publice
512 2999 702 3063 auctoritate
717 2999 754 3062 ati
771 3013 883 3062 causas
936 3009 1011 3074 pere
1029 3011 1155 3058 censam
1173 2995 1388 3075 probabilem,
1408 2997 1441 3060 in
1457 3015 1519 3079 qua
1541 2999 1629 3064 nulla
1644 3017 1718 3080 spes

113 3095 297 3176 perorandae
319 3098 488 3174 destinati,
505 3099 599 3180 qussi
622 3115 665 3160 ex
681 3097 805 3174 officio,
829 3111 885 3176 pa·
936 3091 1218 3171 prudenseliuiget
1233 3093 1390 3168 victorio),
1402 3095 1465 3157 nisi
1489 3097 1611 3162 monito
1628 3101 1719 3181 ptius

111 3197 277 3260 lnocinium
305 3196 507 3278 litigantibus
538 3198 707 3262 conterunt
733 3219 741 3262 t
770 3205 802 3262 et
828 3197 882 3273 bt,
936 3189 975 3252 uc
991 3189 1050 3252 noo
1064 3187 1207 3269 periculo
1224 3206 1285 3254 suo
1301 3189 1441 3255 lienis.»

50 3348 54 3356 .
111 3293 192 3372 quie,
207 3295 286 3356 dum
302 3291 441 3357 officium
456 3292 544 3356 istud
565 3294 768 3373 suscipiunt,
792 3293 884 3372 jura·
975 3289 1033 3350 lli.
1057 3310 1072 3346 a
1092 3288 1254 3363 Quteritur
1271 3291 1354 3369 quod
1370 3291 1417 3354 sit
1439 3293 1577 3374 esicium
1593 3298 1721 3362 ct-cbli·

111 3405 245 3458 mentum
267 3391 453 3471 deponunt,
469 3399 501 3454 et
523 3391 557 3455 in
586 3392 694 3455 album
715 3393 884 3456 aduocato·
935 3387 1022 3466 palio
1043 3385 1215 3450 aduocati?
1230 3390 1377 3468 -Iiesp
1393 3393 1423 3454 i.
1439 3393 1472 3455 Si
1492 3395 1527 3457 ln
1547 3397 1721 3462 advocato·

111 3507 175 3554 ruru
200 3489 401 3564 reseruntur,
424 3491 548 3572 juncti,
576 3489 813 3554 innutriculuti
837 3489 886 3554 di·
937 3507 1008 3553 rum
1033 3490 1230 3554 matriculam
1255 3491 1297 3554 sit
1330 3492 1468 3566 relatus,
1494 3503 1525 3558 et
1545 3497 1648 3576 jutiex
1676 3501 1719 3566 ila

111 3595 245 3664 cuntur,-
265 3589 321 3654 alli
341 3605 421 3654 uero
447 3590 719 3668 extraordinarii,
742 3591 799 3672 qui
825 3607 886 3655 nco
937 3589 1116 3669 precipist;
1145 3596 1292 3668 prestare
1331 3591 1439 3655 cilenti
1473 3592 1535 3656 sibi
1567 3597 1720 3678 ajudice

112 3689 232 3766 ttublica
248 3689 438 3753 auctoritate
453 3691 638 3766 constituti,
652 3709 711 3755 nec
725 3692 760 3756 in
774 3707 887 3756 nume·
937 3690 1176 3764 commendato,
1192 3690 1404 3769 patrocinium
1418 3693 1530 3769 debet,
1547 3713 1607 3760 nec
1628 3715 1721 3764 reeu-

112 3805 175 3853 rum
201 3792 427 3854 advocatorum
454 3791 585 3869 adlecti,
622 3799 710 3858 extra
737 3792 885 3857 ordinem
938 3807 1008 3856 sure
1024 3791 1055 3866 iti
1071 3790 1464 3872 potostsinejustaoeusa,
1478 3804 1513 3857 ut
1530 3797 1650 3864 dietum
1667 3810 1716 3864 est

112 3890 196 3968 quasi
219 3891 361 3970 pertibus
384 3893 622 3972 patrocinantur
646 3894 830 3976 injudicio.
846 3927 886 3942 -
939 3905 1037 3969 supro
1052 3889 1177 3952 numi
1198 3900 1230 3951 et
1246 3891 1275 3954 5.
1290 3891 1470 3966 Quodadeo
1487 3905 1667 3978 verumcst,
1686 3911 1722 3979 ut

110 3988 138 4053 i.
156 3989 304 4070 Denique
326 3989 383 4053 alii
404 3997 480 4054 sunt
494 3991 682 4066 uoluntarii,
705 3993 762 4073 qui
781 4011 799 4056 a
819 4009 888 4074 par·
938 3989 1081 4070 litigans,
1095 3991 1241 4071 quaudiu
1269 3991 1422 4057 idoneum
1448 3997 1633 4062 advocatum
1656 4017 1722 4066 non

111 4089 190 4154 tibus
205 4091 307 4172 rogati
322 4102 498 4172 spontanee
512 4109 608 4154 suunt
621 4092 781 4184 auxilium
796 4093 887 4173 poili·
939 4091 1047 4167 hebet,
1061 4093 1094 4154 in
1109 4096 1341 4158 contumaciam
1355 4096 1560 4162 condemnari
1571 4112 1721 4181 nequeat,

110 4201 234 4268 centum
285 4193 339 4258 alii
378 4193 563 4269 necessarii,
596 4194 655 4274 qul
698 4195 886 4258 auctoritate
938 4196 994 4255 sed
1015 4193 1128 4256 dentiae
1142 4194 1207 4256 sint
1226 4193 1289 4274 ipsi
1311 4195 1452 4261 inducite
1472 4199 1511 4262 ad
1535 4201 1723 4267 advotatum

107 4292 221 4373 iudicis
245 4292 340 4356 inriti
351 4293 507 4373 jubentur
520 4310 649 4357 causum
665 4295 792 4357 clientis
814 4279 888 4358 sus·
939 4291 1161 4370 querendum.
1185 4289 1196 4371 (
1207 4291 1240 4356 C.
1256 4293 1366 4358 Adbuc
1392 4297 1421 4369 i,
1439 4298 1478 4361 itt
1498 4297 1548 4364 iit.
1566 4319 1631 4362 nott
1645 4319 1722 4366 con-

112 4394 225 4474 cipere.
940 4397 1011 4452 test.
1026 4387 1037 4469 )

148 4495 183 4556 V.
200 4491 376 4573 Litiganies
391 4493 454 4556 sibi
470 4493 639 4556 aduocatos
655 4497 788 4572 possunt
813 4509 888 4558 con.
978 4487 1009 4551 2.
1034 4487 1065 4550 si
1090 4503 1218 4552 oausam
1242 4489 1382 4572 aliquam
1403 4493 1465 4558 sibl
1488 4495 1727 4564 defendendam

111 4595 253 4658 stituere.
271 4593 416 4658 Partibus
433 4593 634 4674 petentibus,
653 4593 702 4656 rel
728 4595 822 4658 otiam
846 4609 886 4656 ex
941 4587 1140 4666 susceperit,
1157 4587 1248 4650 illius
1272 4589 1385 4653 merita
1398 4591 1572 4673 diiigenter
1593 4596 1726 4674 rimari,

111 4691 208 4756 omero
225 4693 394 4757 ausonios
412 4693 557 4758 deceruit
575 4700 606 4756 ct
629 4693 682 4755 ou
701 4692 820 4774 Juacx,
837 4694 885 4756 ret
941 4701 995 4756 ca.
1012 4701 1084 4765 uuo
1097 4687 1137 4748 ad
1152 4685 1375 4752 ostensionem
1393 4688 1485 4754 ttttus
1500 4693 1571 4758 sire
1584 4693 1726 4777 dejure,

112 4795 313 4872 magistratus
333 4793 537 4866 ordinarius,
558 4801 594 4856 ut
619 4794 646 4856 si
673 4803 777 4874 partes
799 4794 889 4873 priri-
941 4783 1011 4848 sire
1028 4787 1067 4847 de
1088 4785 1170 4850 iacto
1192 4787 1378 4862 uenierunt,
1396 4791 1570 4873 diligenter
1589 4799 1728 4878 conqui-

110 4891 228 4972 eipfltes
254 4901 383 4974 pfflpm
408 4893 674 4974 impedimentum
701 4893 805 4976 juris,
832 4901 888 4958 aut
943 4902 1032 4960 rere,
1049 4894 1080 4948 et
1103 4884 1183 4952 ttiltii
1209 4903 1321 4952 eorum
1338 4890 1434 4954 debet
1457 4895 1627 4973 omittere,
1653 4915 1729 4980 quta

110 4991 195 5066 lacti,
211 5009 267 5074 per
280 4995 406 5074 seipsos
426 4993 605 5072 postulare,
623 4991 669 5054 tel
688 5001 818 5074 protutor
835 5007 890 5057 no·
942 5001 1049 5050 etus&
1071 4983 1283 5051 dtiondtndoe
1310 4991 1451 5070 pipicus
1481 5011 1553 5075 esse
1577 5006 1724 5076 possunt.

112 5091 422 5173 toriamessestatettt,
434 5093 575 5156 adterere
590 5091 687 5171 pariis
703 5092 889 5171 potentiam,
943 5088 1031 5154 tilius
1046 5088 1075 5152 si
1099 5089 1326 5168 quovismodo
1342 5105 1398 5168 per
1412 5092 1537 5172 culpam
1555 5115 1657 5172 suam,
1674 5097 1724 5160 rel

111 5189 365 5273 nemoqutrere
396 5189 565 5254 adsecutos
594 5205 658 5252 non
688 5190 822 5267 possint.
852 5189 890 5253 Et
944 5187 1137 5266 imperitiam
1156 5187 1420 5252 amittatceusam
1447 5191 1479 5254 in
1498 5194 1639 5271 judicio,
1661 5213 1724 5259 non

112 5287 170 5352 loc
193 5307 269 5355 casu
297 5288 460 5358 tenebitur
490 5289 701 5367 patrocinium
743 5300 890 5366 praestare
943 5284 1049 5348 solunt
1068 5284 1176 5348 solerii
1196 5285 1278 5348 nibil
1304 5294 1407 5366 potest
1429 5289 1576 5371 exigere,
1601 5295 1657 5358 sed
1686 5297 1725 5360 ati

113 5388 209 5466 perti,
225 5389 278 5454 oui
297 5389 442 5469 ajudice
457 5388 503 5452 rel
525 5389 709 5468 magistratu
722 5391 815 5450 datus
830 5398 890 5463 est,
944 5383 1015 5462 ejus
1037 5382 1153 5460 etiam,
1178 5384 1264 5464 quod
1302 5388 1443 5466 accepit,
1469 5391 1725 5473 restitutionem,

112 5495 143 5550 ot
167 5491 299 5569 quidem
331 5490 449 5569 gretie,
478 5487 589 5552 saltem
614 5487 685 5567 lege
710 5489 891 5563 charitatis,
945 5492 976 5546 et
996 5482 1235 5546 resereitionem
1248 5483 1355 5548 omnis
1369 5485 1494 5565 damni,
1510 5493 1597 5572 quod
1616 5495 1725 5562 clienti

112 5589 138 5650 si
153 5589 328 5654 cliensnoo
351 5589 463 5653 habeat
481 5589 565 5653 uude
578 5585 728 5651 solarium
740 5587 893 5652 advocato
944 5585 1021 5649 iude
1038 5594 1143 5646 ortum
1162 5593 1226 5660 est,
1244 5585 1278 5648 in
1300 5586 1495 5653 couscientia
1516 5592 1688 5675 obligetur.
1709 5619 1727 5659 s

113 5688 230 5763 solvet,
249 5699 280 5754 et
296 5689 537 5754 hocextcrarlo
551 5687 679 5767 publico
701 5705 759 5769 pro
776 5687 893 5752 talibus
984 5687 1016 5750 3.
1036 5707 1051 5743 c
1075 5685 1172 5750 Aliud
1204 5685 1286 5750 nibil
1311 5687 1346 5750 in
1376 5686 1503 5768 iudicio
1528 5707 1727 5778 proponent,

113 5787 270 5852 adroratis
290 5788 498 5852 constitutum
513 5801 576 5850 non
595 5786 648 5850 sit.
668 5786 716 5850 tid
741 5785 774 5850 id
800 5800 890 5848 com·
950 5803 1045 5869 quant
1064 5785 1151 5867 quod
1164 5787 1287 5868 justum
1310 5793 1343 5852 et
1359 5803 1472 5856 rerum
1494 5801 1727 5876 perspexerint.

231 5891 286 5954 lus
308 5905 504 5952 translucere.
528 5888 569 5948 ll.
1548 5895 1588 5959 iii
