4042 6458
1725 323 1780 388 ltt

144 283 204 358 dii
474 303 572 364 PARS
588 303 647 366 111.
664 303 714 366 DE
732 301 928 366 amaseam.
943 325 981 342 ···
1003 305 1076 370 LIB.
1092 309 1143 373 tx.
1167 311 1214 374 [tlt
1232 313 1366 390 talete,
1386 316 1464 378 ETC.

148 408 344 491 egreditum
376 417 433 474 aut
467 411 533 474 nisi
568 411 712 490 supremi
742 410 942 492 principatus
1000 417 1166 494 oenllictu,
1184 421 1239 482 ubi
1255 423 1401 486 omnium
1424 424 1495 487 laba
1518 428 1621 505 operit
1644 437 1674 492 et
1689 449 1790 496 arcu-

147 510 350 574 exercitium
366 509 946 593 conleratnradturuumuntcuique
998 523 1046 579 sat
1077 521 1279 598 personalem
1308 526 1637 606 responsabititnem,
1668 545 1790 600 exeunt

150 605 224 670 ciri
252 625 310 687 per
327 607 452 690 aliquot
467 610 560 674 horas
578 609 625 672 rol
646 627 703 689 per
723 629 826 674 unum
843 613 946 691 diemg
999 613 1051 678 lex
1066 621 1098 679 et
1109 616 1246 698 judicia.

147 702 244 779 quod
260 703 397 766 Athenas
414 705 719 786 paratiquotannos
739 712 946 788 practicatum
1039 717 1080 780 ll.
1102 717 1316 784 Aristocraten
1340 733 1368 786 ct
1395 724 1583 806 eligeretis,
1612 745 1686 809 que
1713 742 1791 796 sunt

147 799 232 862 fuit.
251 801 331 876 Quis
346 812 453 868 autem
473 822 537 870 nou
559 807 656 880 ridet,
675 815 770 887 prout
789 808 829 871 ab
844 808 947 874 histo·
997 811 1065 878 foro
1095 834 1197 881 unum
1235 825 1267 882 ct
1293 821 1405 898 idem,
1433 835 1510 888 sunt
1541 827 1788 906 gubernationis

149 902 203 965 ria
222 903 368 982 docetur,
389 905 517 970 nullum
543 925 616 972 esse
637 909 826 988 possibilem
841 909 876 974 in
891 908 946 974 tali
998 911 1099 977 iorma
1127 914 1320 981 intermedia
1344 926 1375 980 et
1395 919 1459 999 jum
1479 921 1589 984 minus
1605 913 1788 1003 imperfecta

72 1036 75 1040 -
148 1002 362 1068 institutione
383 1023 609 1086 progressum
637 1009 715 1090 quia
741 1009 805 1073 talo
829 1011 948 1090 guber-
999 1029 1095 1092 quum
1123 1013 1336 1089 democratia,
1364 1017 1442 1096 quia
1476 1017 1522 1080 ibi
1554 1019 1645 1082 adest
1668 1022 1789 1102 majus

152 1103 251 1164 nium
278 1112 327 1167 est
341 1107 563 1186 despotismus
588 1117 619 1173 ct
635 1110 783 1190 tyrannia
800 1111 947 1174 omnium
999 1111 1108 1174 lumen
1148 1113 1314 1194 majorque
1344 1115 1531 1180 reflexionis
1566 1121 1725 1198 sapientia
1759 1136 1788 1181 et

151 1209 268 1267 contra
282 1222 458 1288 quemque.
474 1209 665 1288 Exemplum
677 1216 708 1272 at
725 1211 946 1290 probationem
999 1210 1108 1274 minus
1126 1227 1278 1276 cerarum
1297 1214 1523 1291 cupiditatum.
1545 1217 1661 1295 lleipsa
1677 1233 1753 1279 raro
1770 1235 1787 1279 a

151 1299 366 1380 praebuerunt
384 1305 527 1388 antique
540 1307 753 1374 democratia.
777 1311 869 1374 ilatio
885 1317 945 1388 est,
998 1310 1193 1374 democratia
1228 1309 1374 1374 absoluta
1406 1327 1470 1374 non
1496 1313 1625 1387 differt,
1661 1315 1723 1379 nisi
1753 1318 1786 1378 in

151 1396 235 1479 quia
261 1400 313 1464 laic
336 1401 458 1468 familia
483 1412 585 1470 creata
606 1413 641 1470 ut
665 1415 762 1488 typus
780 1417 813 1472 ct
831 1408 947 1473 lunda·
997 1411 1788 1496 qnantumoligarcntaefformetcorpusqnoudam

154 1505 303 1564 mentum
328 1505 435 1568 omnis
455 1507 619 1570 societatis
641 1524 707 1572 non
732 1517 945 1589 representa·
999 1512 1808 1596 perseipsumindependens,etsaltcmtuqualipo-¹

151 1605 230 1674 tur;
255 1601 367 1666 nullus
381 1605 473 1668 adest
496 1607 728 1686 responsabilis
752 1609 944 1684 moderator,
997 1609 1102 1673 testati
1126 1609 1229 1688 plebis
1251 1619 1406 1688 potestate
1421 1615 1578 1692 gaudeus.
1592 1615 1788 1694 Huiusmodi

149 1715 218 1764 nec
244 1711 344 1794 prater,
376 1722 435 1768 nac
456 1715 565 1786 pastor
589 1707 712 1788 populi.
738 1710 832 1772 Nulla
856 1713 946 1774 adast
997 1708 1228 1790 oligarchieum
1244 1726 1362 1788 eorpus
1385 1718 1488 1790 potest
1506 1729 1578 1776 esse
1596 1713 1790 1776 sireeloeti-

150 1798 283 1863 stabilis
312 1803 513 1881 constitutio,
542 1823 615 1870 cnm
641 1808 774 1888 quidem
799 1810 945 1890 quotidie
999 1827 1086 1884 uum,
1102 1809 1791 1894 sirehreraditariumrsilueritelectirnm,

154 1901 274 1964 uariari
288 1905 401 1982 possit.
419 1906 504 1969 'talis
530 1915 682 1987 preterea
705 1907 808 1974 status
823 1927 947 1990 perma-
998 1916 1186 1990 potestesse
1201 1919 1392 1992 perpetuum
1413 1916 1461 1976 rel
1481 1915 1724 1992 temporarium.

153 2011 291 2064 nentem
310 2006 540 2084 legislatorum,
557 2009 718 2089 judicum,
734 2019 766 2074 ct
782 2010 942 2090 gnberna-
1037 2013 1074 2074 ln
1092 2011 1219 2074 duabus
1244 2010 1387 2090 preditis
1413 2012 1563 2092 gnbernii
1589 2012 1713 2083 lenuis,
1733 2029 1790 2092 po-

152 2109 277 2177 torum,
293 2103 350 2183 qui
370 2114 447 2168 sunt
466 2121 580 2172 omnes
602 2111 704 2186 eires,
726 2112 947 2193 congregatio·
999 2118 1094 2174 testas
1118 2111 1305 2176 exsecutiva
1328 2111 1427 2174 semel
1450 2111 1595 2190 legitime
1610 2113 1786 2175 constituta

153 2216 231 2262 nem
249 2205 434 2280 necessitat,
451 2216 482 2270 et
502 2220 742 2292 consequenter
759 2223 945 2293 perpetuam
998 2211 1113 2294 nequit
1131 2211 1285 2283 revocari,
1303 2213 1379 2274 dum
1394 2214 1576 2274 mandatum
1593 2213 1664 2292 ejus
1679 2213 1785 2283 durat,

152 2299 520 2388 omniumlanritiarum
556 2319 678 2388 patrum
706 2313 946 2376 distractionem
998 2313 1061 2376 nisi
1088 2329 1129 2375 ex
1155 2313 1263 2374 canals
1281 2313 1315 2374 in
1341 2312 1572 2375 constitutione
1596 2313 1740 2390 praevisis
1755 2323 1787 2376 et
1842 2363 1849 2372 ,

152 2407 188 2460 et
208 2402 446 2481 absorptionem
474 2406 569 2489 longe
593 2427 609 2473 a
628 2410 824 2475 familiarum
840 2413 945 2476 inter·
997 2412 1138 2486 statutis,
1150 2420 1204 2474 aut
1218 2428 1258 2474 ex
1274 2410 1424 2490 llagranti
1441 2410 1525 2490 juris
1542 2411 1697 2474 naturalis
1712 2429 1786 2491 erga

152 2515 230 2563 esse
246 2505 449 2581 necessariis,
481 2527 554 2589 qum
573 2510 798 2586 immolanturr
823 2519 855 2577 et
876 2514 947 2593 ipsa
998 2510 1161 2574 nationem
1179 2510 1368 2582 violatione,
1394 2527 1468 2589 qne
1490 2509 1555 2572 alio
1571 2511 1668 2573 mollo
1695 2525 1770 2585 repa
1793 2578 1794 2582 ,

153 2597 280 2664 familia
312 2621 369 2683 per
395 2613 513 2670 statum
538 2609 685 2690 absorpta
705 2613 756 2676 stet
778 2613 850 2693 ejus
870 2631 946 2693 pro·
998 2611 1062 2674 rari
1085 2611 1246 2689 nequiret,
1269 2618 1304 2674 ut
1330 2610 1363 2672 in
1389 2610 1581 2686 precedenti
1608 2610 1714 2690 capita
1730 2611 1787 2674 de·

156 2702 278 2776 prietes
308 2713 416 2768 contra
448 2711 621 2774 creationis
652 2712 768 2792 legem.
801 2716 870 2776 Non
898 2723 948 2780 est
999 2710 1301 2774 utonstratumlnit.

153 2799 238 2862 alias
259 2805 412 2881 possibile
439 2808 500 2870 lale
522 2812 730 2889 guberniurn‚
748 2813 813 2876 nisi
829 2817 862 2876 in
880 2833 945 2877 una
1039 2813 1085 2872 Ex
1100 2826 1159 2873 sua
1175 2817 1427 2890 parte‚potcstas
1439 2810 1623 2874 exsecutiva
1635 2810 1785 2892 gubernii

155 2905 281 2963 tantum
305 2901 453 2983 civilate;
477 2918 571 2987 prout
597 2909 716 2974 Grecis
732 2913 863 2994 antiqua
885 2914 946 2977 ali·
997 2904 1131 2969 formum
1149 2907 1494 2986 maturescentem
1517 2909 1613 2970 etiam
1628 2909 1678 2970 sni
1695 2925 1784 2970 mau-

154 3011 237 3076 quot
265 3005 343 3066 salis
359 3005 465 3070 breuis
490 3009 671 3072 durationis
691 3013 836 3092 exempla
857 3031 946 3092 ·ploe·
997 3006 1060 3068 dati
1104 3007 1309 3070 conditiones
1343 3007 1466 3087 dbsqlte
1503 3008 1607 3070 libero
1645 3008 1786 3070 nationis

154 3100 241 3175 buit,
270 3121 342 3182 qne
358 3122 416 3168 nec
434 3124 658 3186 personarum,
675 3128 735 3174 nec
748 3112 944 3178 familiarum
997 3119 1172 3166 0⁰⁰⁵⁹¹¹⁵¹¹=
1200 3105 1299 3167 Secu-⁰·
1320 3106 1464 3168 2⁰¹¹⁹l¹t¹⁰
1489 3106 1714 3186 ⁰⁸²i0¹li⁵l⁰lfl
1732 3123 1787 3184 per

157 3198 296 3264 libertati
324 3201 510 3270 favorabilia
536 3206 639 3272 luere.
670 3211 946 3290 Soepiusenime
997 3204 1069 3282 ⁹l¹¹⁵
1116 3203 1361 3266 ὓθῐῑθῑῑῑΰῑῑθΰῑι
1396 3207 1605 3268 [Πῑῑῑᾶῑῑθῃθῐῑὶ
1648 3213 1787 3286 inimi*

155 3307 267 3360 contra
294 3300 327 3364 in
353 3301 542 3383 hujusmodi
565 3305 749 3370 civitatibus
773 3317 946 3388 regnarunt
997 3300 1120 3382 equale
1132 3303 1253 3364 crimen
1264 3303 1723 3384 criminlnattontstpsanmet
1736 3321 1789 3384 po·

155 3397 382 3478 injustissime
397 3387 603 3484 cupiditates,
617 3408 728 3470 odiosa
742 3409 879 3480 invidia,
897 3412 947 3474 tn.
998 3409 1144 3462 testatem
1167 3402 1371 3480 deponentis.
1404 3405 1491 3465 Talis
1524 3406 1687 3474 attentati.
1715 3407 1787 3467 talis

156 3500 334 3578 gratitudo,
352 3504 486 3585 uerique
511 3507 587 3570 boni
614 3517 648 3570 et
674 3508 798 3588 pulchri
819 3511 944 3577 odium.

154 3599 283 3663 Exinde
308 3603 441 3682 contigit
463 3604 637 3671 multitudo
657 3607 864 3672 minimarum
885 3610 944 3674 de·

156 3701 382 3766 mocratiarum
398 3707 460 3768 sibi
475 3706 613 3769 inuicem
629 3710 876 3787 invidiosarum,
892 3711 946 3775 in·

155 3811 320 3865 cessantur
334 3805 419 3869 iuter
434 3825 469 3870 se
492 3806 691 3884 luctantium,
709 3819 738 3873 el
754 3829 827 3874 sese
848 3813 947 3875 vicis-

86 3947 97 3962 .
156 3900 219 3962 sim
241 3901 494 3982 opprimentium
508 3923 565 3984 per
581 3907 765 3971 violentiam
782 3909 944 3989 injustum,

156 4017 296 4080 seseque
331 4005 516 4067 successive
558 4005 816 4080 destruentium,
859 4009 944 4070 unda

153 4099 270 4180 jugam
282 4111 507 4168 extraneorum
524 4104 696 4168 subierunt
710 4106 772 4168 snb
783 4123 850 4185 quo
863 4107 947 4168 rnnl·

157 4201 199 4262 tis
211 4200 276 4280 jam
292 4218 309 4265 a
325 4204 452 4266 saeculis
466 4205 596 4268 tir-rasim
611 4205 722 4284 populi
737 4223 828 4268 suam
846 4207 947 4268 natio·

159 4301 323 4366 ualitatem
339 4305 527 4368 amiserunt.
552 4308 796 4369 Memorandunt
813 4307 946 4371 aliunde

158 4409 219 4476 est,
247 4404 277 4464 in
301 4403 351 4466 bis
377 4407 520 4486 antiquis
536 4406 754 4481 democratiis‚
774 4405 945 4486 plusquam

158 4501 328 4586 huminum
365 4506 568 4568 medietatem
597 4507 632 4568 in
669 4508 827 4570 seruitute
855 4510 975 4569 reda·-

157 4611 239 4666 ctum
264 4601 387 4678 icisse,
417 4604 604 4686 nullumque
637 4613 757 4685 partem
785 4604 946 4686 gubernio

157 4703 322 4767 habuisse.
340 4707 511 4785 Nnnqnam
528 4706 628 4785 igitnr
641 4705 776 4769 luerunt
791 4723 879 4786 pure
893 4705 947 4768 de·

157 4804 335 4879 mooratiasr
359 4805 419 4866 soli
447 4803 636 4885 reipublice
659 4803 753 4868 liberi
770 4805 858 4868 ciras
878 4805 948 4867 sul-

159 4903 254 4984 lragii
266 4905 321 4984 jus
337 4904 536 4968 obtinebant.

198 5004 411 5074 Democritii,
427 5001 461 5065 in
481 5003 605 5084 anagnis
620 5003 809 5066 nationibus
824 5003 945 5084 impos·

159 5102 277 5179 sibilis,
293 5113 406 5182 praeter
423 5105 508 5185 quod
528 5120 692 5185 nunquam
712 5105 857 5168 absoluta
874 5123 945 5169 esse

161 5205 274 5284 possit,
292 5213 339 5268 est
363 5205 465 5284 igitur
479 5206 527 5267 'in
540 5204 725 5284 ,semetipsa
751 5205 944 5285 gubernium

161 5297 261 5383 magis
284 5319 493 5380 personarum
513 5312 545 5367 et
567 5303 760 5367 familiarum
785 5305 870 5366 voris
888 5309 944 5386 ju·

161 5403 250 5466 ribus
269 5403 473 5482 oppositum,
489 5411 789 5484 consequenterque
801 5406 867 5483 jun·
886 5424 944 5469 na·

161 5503 256 5566 turali
274 5503 382 5566 miuus
400 5503 575 5578 conforme,
591 5505 761 5584 injustitiis
774 5517 805 5570 et
821 5509 946 5572 riolcu-

997 3509 1179 3564 coutraetus
1215 3503 1370 3564 naturalis
1407 3502 1593 3567 violationis
1618 3505 1706 3568 nulla
1738 3521 1788 3566 est

997 3603 1161 3666 excusatio
1168 3620 1177 3677 ;
1192 3603 1334 3684 jureque
1345 3619 1407 3666 suo
1418 3601 1564 3682 legitimo
1584 3607 1684 3666 utitur
1699 3603 1788 3665 natio

997 3719 1069 3782 ques
1080 3703 1199 3765 resistit
1211 3703 1358 3781 potestati
1375 3705 1560 3781 usurpatori
1574 3706 1787 3782 eamdemque

997 3819 1058 3866 suo
1075 3803 1222 3865 mandato
1237 3803 1372 3882 spoliatr
1389 3820 1460 3866 nam
1473 3811 1610 3883 potestus
1625 3804 1788 3868 stabilitur

997 3905 1035 3966 ad
1047 3904 1121 3984 jura
1138 3903 1283 3965 omnium
1299 3903 1443 3975 tutanda,
1462 3919 1527 3966 non
1546 3902 1698 3966 tollenda.

1037 4005 1072 4066 ln
1088 4005 1240 4067 omnibus
1263 4002 1401 4083 prelatis
1428 4001 1582 4080 gubernii
1604 4001 1732 4072 iorrrris,
1750 4020 1789 4064 rx

998 4123 1109 4170 aarum
1124 4113 1249 4177 natura.
1263 4123 1320 4182 per
1334 4105 1512 4186 quamlibet
1531 4103 1670 4166 mandati
1692 4103 1787 4178 expi-

999 4208 1166 4280 rationem,
1197 4207 1333 4270 libarum
1365 4208 1398 4269 tn
1426 4205 1551 4268 nationi
1581 4204 1788 4274 modificare,

999 4316 1121 4368 mertare
1166 4306 1331 4384 potestatis
1369 4305 1611 4386 gubernatoris
1643 4302 1788 4366 formant.

998 4409 1100 4488 ldque
1120 4423 1183 4469 non
1204 4415 1253 4468 est
1276 4405 1446 4468 minimum
1464 4423 1502 4467 ex
1525 4403 1700 4466 obstaculis
1717 4402 1790 4482 qni-

998 4507 1058 4569 bns
1075 4506 1295 4585 periclitantur
1314 4499 1540 4584 tranquillitas,
1560 4519 1631 4580 pax,
1648 4517 1789 4580 prospe·

997 4607 1075 4669 ritus
1098 4613 1128 4668 et
1152 4603 1293 4668 nationis
1311 4604 1450 4683 protentis
1478 4605 1642 4665 duratura.
1665 4598 1791 4662 Multae·

997 4725 1061 4788 qne
1076 4707 1222 4769 nationes
1238 4705 1271 4766 in
1290 4703 1478 4784 hujusmodi
1492 4699 1668 4765 obstaculis
1686 4699 1789 4762 olicu-

997 4807 1116 4868 dernnt
1130 4793 1161 4868 et
1177 4803 1357 4884 perierunt.

1036 4907 1092 4968 lll.
1114 4905 1329 4984 Despotismus
1354 4921 1412 4968 seu
1438 4902 1599 4982 tprortuiu.
1618 4933 1657 4947 -
1680 4896 1791 4962 nutti-

998 5007 1096 5084 plices
1113 5007 1208 5069 etiam
1232 5014 1309 5069 snut
1337 5006 1448 5068 iormm
1473 5002 1638 5082 potestatis
1664 5015 1791 5062 monar-

996 5107 1110 5181 olricee;
1139 5107 1226 5169 iuter
1249 5123 1329 5188 quas
1351 5122 1414 5168 una
1439 5113 1501 5177 est,
1528 5101 1687 5183 tyrannia,
1716 5115 1789 5178 quas

996 5206 1108 5269 saltem
1126 5205 1268 5268 theorice
1285 5212 1315 5266 et
1330 5203 1507 5282 saepissime
1531 5199 1668 5282 practice
1683 5196 1789 5259 adiano

997 5315 1046 5368 est
1066 5305 1173 5367 minus
1189 5304 1256 5384 juri
1275 5303 1411 5364 naturali
1429 5301 1604 5364 conlornris
1619 5313 1715 5376 quam
1730 5295 1787 5358 ab·

995 5404 1102 5468 solnta
1127 5400 1334 5465 democratia.
1366 5403 1400 5461 ln
1426 5398 1618 5464 democratia
1638 5394 1785 5460 absoluta

997 5519 1147 5585 suprema
1166 5508 1307 5583 potestas
1338 5500 1456 5564 nullibi
1480 5509 1551 5573 est3
1576 5504 1625 5561 est
1640 5495 1787 5559 anarchia

160 5605 214 5666 tiis
240 5603 341 5685 magis
365 5612 558 5684 promptum,
588 5604 665 5686 quia
689 5615 737 5670 est
753 5609 944 5673 coadunatio
996 5605 1203 5682 semetipsam
1219 5619 1347 5688 regens.
1377 5602 1602 5681 Despotismus
1619 5606 1667 5660 est
1688 5594 1786 5658 unius

162 5712 192 5768 et
212 5703 398 5769 conflictum
421 5704 565 5768 omniurn
586 5705 820 5786 eupiditaturn;
843 5726 941 5784 nerto
997 5703 1140 5770 bominis
1158 5701 1324 5767 arbitraria
1340 5699 1517 5766 dominatio
1527 5715 1626 5780 super
1641 5713 1703 5772 res,
1715 5711 1786 5774 per-
