4046 6460
112 425 171 494 313
350 427 447 489 PARS
465 426 522 489 111.
551 427 601 490 DE
619 426 815 494 PBRSONIS.
829 453 863 473 -·
878 431 951 494 titt.
967 431 1050 500 t'111.
1070 435 1120 498 DE
1138 435 1429 516 REGULARIBUS,
1448 439 1529 504 tine.
1693 442 1747 508 tlt

112 539 181 610 tioi,
200 542 233 601 et
246 535 310 599 sub
328 535 479 598 omnibns
492 534 567 600 eliis
583 539 685 617 timuis
703 541 863 605 contentis
874 541 909 606 in
962 542 1091 624 ingredi
1123 547 1304 613 clausurum
1335 533 1525 614 monialium
1557 551 1654 616 etism
1683 555 1748 618 sibi

112 637 173 701 cit.
192 637 322 700 constit.
337 638 471 714 Gregor.
487 638 576 702 Xlll.
960 645 1189 724 subiectarum,
1211 651 1274 712 nisi
1297 651 1331 713 in
1347 651 1476 713 casibus
1494 654 1699 730 necessariis,
1716 663 1748 718 et

164 761 180 797 ι
200 739 298 804 Pueri
319 739 710 821 etpuelloecujnscunque
724 740 909 818 sintoetetis,
961 745 1102 810 comitati
1122 766 1139 810 a
1156 749 1278 826 paucis,
1297 752 1407 831 iisque
1423 751 1608 816 senioribus
1623 769 1659 816 uc
1675 755 1750 818 reli·

115 845 292 921 nequeunt
308 839 435 920 ingredi
459 849 490 902 et
505 839 672 914 introduci
697 840 730 904 in
747 849 910 904 monaste·
960 845 1062 924 glosis
1078 850 1237 925 personis.
1257 850 1290 912 Si
1303 859 1410 914 autem
1428 852 1687 926 contrafecerint,
1699 854 1750 919 in·

117 942 169 1004 ris
187 940 389 1003 monialium.
410 938 568 1020 (Trideot.
584 957 665 1004 sess.
681 942 731 1016 bl,
750 942 908 1022 Derepul.
960 951 1094 1008 currunt
1116 946 1323 1010 interdictum
1355 948 1395 1011 ab
1421 949 1575 1029 ingressu
1606 953 1750 1016 ecclesie

117 1057 192 1118 cap.
211 1040 255 1121 5.)
285 1040 321 1102 Et
349 1040 558 1103 introducens
584 1041 723 1104 incurrit
756 1059 911 1106 censuras
959 1061 1018 1124 pro
1033 1045 1134 1124 prima
1159 1046 1250 1121 rice,
1276 1064 1334 1126 pro
1357 1049 1501 1111 secunda
1519 1067 1596 1113 sero
1622 1059 1750 1115 contru-

117 1138 250 1201 riolatae
264 1139 431 1200 clausurae.
447 1137 492 1216 (S.
507 1155 616 1218 congr.
629 1142 735 1218 Episc.
751 1150 783 1203 et
793 1142 910 1221 Regni.
959 1142 1042 1206 bunt
1060 1144 1312 1223 suspensionem
1327 1161 1345 1208 a
1363 1145 1540 1223 pontificali
1569 1163 1704 1210 munera
1718 1155 1751 1211 et

117 1239 261 1320 sepiusr
283 1271 320 1286 -
335 1240 481 1302 isurun.
498 1238 576 1303 ibid.
600 1259 634 1303 n.
650 1242 690 1304 tn
704 1242 744 1304 ad
758 1241 809 1319 to,
825 1249 857 1305 et
875 1259 909 1306 n.
961 1242 1122 1320 edirinls,
1134 1260 1191 1322 pro
1203 1244 1296 1307 tertia
1311 1251 1417 1307 nutem
1430 1245 1512 1319 rice,
1526 1263 1563 1308 uc
1580 1247 1749 1326 deinceps,

117 1343 185 1415 58.)
960 1343 1297 1406 excommunicatione
1325 1343 1441 1423 majori
1470 1344 1543 1423 ipso
1568 1345 1652 1409 iacto
1682 1347 1751 1410 aiii·

160 1443 203 1505 ll.
223 1444 481 1522 «imperatores,
505 1441 750 1520 imperatrices,
767 1459 861 1524 reges
878 1448 910 1505 et
960 1443 1103 1506 ciuntur.
1119 1441 1345 1524 (Sicexpresse
1356 1444 1541 1508 Ganconrns
1552 1446 1635 1520 xttt,
1646 1454 1750 1512 const.

120 1542 267 1622 reginen
302 1556 482 1620 eorumque
513 1540 572 1603 tttii
604 1549 636 1605 et
665 1541 740 1604 filice
774 1545 911 1621 possunt
960 1543 1099 1623 Dubiis.)

119 1619 245 1722 ibsquc
271 1641 407 1704 incursu
439 1642 805 1720 excommunicationis,
835 1643 912 1706 alia·
1002 1646 1166 1710 «Preluti
1195 1646 1359 1728 regulares
1403 1648 1627 1728 ingredientes
1660 1656 1751 1714 extro

118 1758 260 1821 rumque
276 1756 440 1819 arsenarum
464 1739 591 1820 ingredi
611 1758 684 1804 cum
707 1759 766 1806 sue
784 1741 910 1806 decenti
961 1749 1184 1812 necessitatem
1196 1748 1387 1812 monasteria
1400 1749 1587 1812 monialium
1600 1751 1661 1813 sibi
1675 1750 1750 1813 sub-

120 1842 305 1906 comitatira
320 1841 355 1904 in
380 1841 575 1906 monasterio
601 1842 809 1918 monialium,
833 1843 912 1923 quio
957 1849 1115 1930 J'ecterum
1139 1848 1280 1929 ligantur
1305 1849 1390 1913 dicte
1417 1849 1750 1912 excommunicatione

119 1942 313 2022 hujusmodi
333 1958 491 2018 perscore,
519 1944 644 2005 ratione
659 1943 859 2006 excellentius
880 1953 912 2006 et
962 1950 1088 2029 majori,
1105 1958 1137 2014 et
1167 1950 1334 2030 privantur
1350 1949 1504 2011 omnibus
1521 1947 1634 2012 officiis
1655 1957 1687 2013 et
1701 1949 1753 2012 di·

120 2041 291 2121 dignitatis
309 2041 912 2122 noncomprehendunturindisposi·
961 2049 1175 2130 goitntibus...
1207 2049 1301 2131 (Eud.
1334 2051 1479 2114 Gnscoa.
1509 2049 1609 2122 Xlll,
1643 2055 1748 2114 const.

120 2141 267 2204 tionibus
295 2140 442 2215 odiosis,
473 2139 537 2202 nisi
573 2140 836 2218 exprimantur...
865 2140 909 2203 lta
961 2147 1098 2225 Dubiis.)

120 2243 296 2323 plurimi...
323 2244 379 2306 sed
395 2242 450 2305 alii
468 2248 580 2303 teuent
606 2238 818 2319 probabiliter
832 2253 911 2300 con·
999 2247 1052 2309 vl.
1072 2245 1266 2308 confessarii
1279 2247 1455 2327 quomodo,
1473 2250 1504 2309 at
1522 2246 1653 2325 spuendo
1670 2261 1749 2324 pos·

120 2345 268 2419 trucium,
293 2343 470 2424 presertim
487 2359 526 2404 ex
556 2340 775 2420 dispositione
805 2341 912 2402 Bene·
962 2345 1027 2407 sint
1042 2344 1167 2424 ingredi
1183 2345 1379 2419 clausuram,
1397 2345 1518 2407 dietum
1534 2353 1582 2409 est
1597 2361 1753 2425 snpra.-

121 2445 202 2507 dicti
218 2446 305 2518 XlV.
333 2443 602 2507 consuscitari
628 2441 661 2504 io
682 2441 837 2504 corbolien
850 2440 912 2502 Ec·
961 2444 1244 2523 Medici,clrirurgi
1266 2461 1332 2507 non
1350 2445 1493 2508 minores
1503 2445 1597 2508 annis
1610 2447 1751 2527 quadra·

121 2542 538 2619 clesioinstitutnm,inquo
552 2539 910 2620 decernitquemlibet...
961 2545 1048 2626 ginta
1062 2550 1094 2607 et
1107 2545 1271 2618 associati,
1295 2543 1447 2619 suctores,
1465 2545 1605 2622 syndici,
1629 2545 1751 2625 aliique

122 2641 361 2723 ettcmspeciati
372 2643 528 2706 mentions
546 2642 715 2720 diocorum
729 2655 911 2718 quocunque
962 2645 1101 2725 operarii
1116 2646 1155 2709 ad
1173 2644 1365 2708 monialium
1382 2645 1553 2708 seruitium
1574 2645 1752 2709 necessarii

121 2743 275 2828 [ocultote
289 2741 469 2825 hujusmodi
479 2743 543 2804 ricc
554 2759 618 2821 pro
629 2758 674 2816 rc,
688 2741 822 2820 riocpro
837 2741 912 2802 aliis
965 2750 1100 2825 possunt
1114 2745 1153 2807 de
1181 2743 1317 2823 legitimi
1345 2743 1526 2821 superioris
1541 2743 1671 2807 licentio
1698 2743 1753 2807 in·

124 2855 238 2906 temere
260 2843 506 2918 utiaudcutem,
524 2845 594 2924 ipso
623 2842 913 2924 soctoetsqcecttu
962 2845 1053 2926 gredi
1080 2844 1262 2907 clausuram
1299 2843 1338 2906 ad
1366 2843 1547 2906 exercenda
1572 2859 1641 2904 sues
1674 2842 1754 2906 ortis

124 2943 336 3007 declaratione
349 2963 465 3023 perros,
482 2952 511 3005 rt
525 2943 751 3006 ecclesiasticos
764 2959 913 3005 censuros
964 2959 1082 3020 opera.
1107 2959 1180 3024 quea
1208 2943 1376 3006 commotio
1403 2949 1491 3005 extra
1520 2941 1754 3004 monesterium

124 3055 237 3109 ceretro
251 3046 406 3108 violentes
417 3045 597 3108 clausurum
608 3041 912 3107 montoliumiocur·
963 3059 1113 3106 exercere
1130 3059 1193 3106 non
1210 3050 1357 3122 possunt.
1368 3041 1581 3125 (Communis;
1594 3043 1764 3122 inanum,
1837 3121 1842 3130 Ι

122 3163 206 3221 rere,
226 3156 255 3207 et
270 3147 490 3206 incursauere
505 3162 524 3204 c
539 3144 651 3224 quibus
673 3152 913 3222 preterqunma
964 3143 1042 3206 ibid.
1062 3158 1093 3205 n.
1114 3144 1155 3208 80
1172 3151 1203 3204 et
1215 3143 1281 3222 81.)
1298 3143 1414 3219 -Qui
1438 3142 1632 3222 ingreditur,
1656 3141 1753 3204 etium

123 3247 264 3308 Romano
275 3247 435 3325 pontifice,
451 3247 515 3308 cisi
531 3246 565 3307 irs
579 3245 690 3306 mortis
705 3242 841 3306 articulo
856 3241 913 3304 ab·
964 3244 1036 3306 sine
1052 3242 1191 3319 licentio,
1205 3243 1243 3305 ad
1261 3243 1535 3322 exstinguendum
1553 3241 1752 3314 incendium,

123 3350 209 3410 sotei
227 3349 382 3426 possit...
402 3347 589 3426 stecoris.
605 3343 683 3406 ibid.
702 3360 734 3406 n.
745 3344 785 3406 53
804 3349 835 3405 et
850 3339 913 3422 98.)
965 3342 1063 3408 relad
1079 3343 1271 3406 serrandum
1287 3343 1444 3421 seipsum,
1456 3350 1511 3404 ent
1522 3339 1755 3404 monesterium

164 3449 222 3510 tlt.
244 3445 425 3519 Mulieres,
444 3444 564 3521 quibus
593 3459 609 3504 o
636 3444 714 3504 sede
741 3441 915 3520 apiostolica
964 3442 1005 3506 ab
1020 3441 1183 3516 incendio,
1206 3441 1255 3504 rel
1280 3442 1319 3503 od
1344 3441 1599 3504 succurrendum
1620 3439 1654 3502 in
1677 3437 1752 3501 aliis

125 3545 316 3608 conceditur
340 3542 471 3604 licentia
496 3537 701 3619 ingrediendi
723 3535 915 3600 monesteria
967 3543 1093 3607 casibus
1110 3542 1288 3622 repentine
1313 3541 1419 3616 mium,
1436 3557 1501 3603 non
1515 3541 1612 3602 riolut
1626 3541 1756 3602 clausu·

126 3643 333 3716 monialium,
352 3658 415 3704 non
436 3646 573 3720 possunt
589 3637 721 3717 ingredi
746 3636 810 3700 nisi
826 3636 916 3714 prius
965 3659 1046 3718 reor,
1066 3657 1126 3705 nec
1141 3641 1277 3704 incurrit
1301 3657 1419 3720 poenas.
1445 3639 1540 3722 (toto.
1557 3658 1590 3703 n.
1604 3639 1669 3715 Si.)

127 3743 239 3807 hebito
274 3758 437 3806 consensu
470 3739 663 3802 monialium
691 3736 917 3816 'capitulariter
1006 3744 1076 3807 Vll,
1094 3742 1268 3806 Licentiam
1282 3741 1457 3806 concedere
1482 3756 1538 3819 pro
1552 3741 1702 3819 ingressu
1720 3736 1755 3800 in

127 3844 270 3923 prestito
286 3859 342 3921 per
358 3840 512 3920 sutiragia
527 3849 661 3904 secreta.
683 3837 817 3920 (Ueste.
830 3838 915 3914 Vlll,
967 3844 1146 3908 clausuram
1164 3840 1353 3904 monialium
1372 3847 1491 3918 spectat
1514 3841 1551 3902 ad
1567 3839 1756 3917 episcopum

127 3943 260 4006 constit.
277 3942 519 4004 sacrosanctum
543 3940 741 4020 apostolatus
765 3939 912 4000 ministr·
966 3941 1154 4004 auctoritate
1178 3940 1308 4020 quidem
1337 3940 1464 4021 propria
1481 3956 1537 4019 pro
1552 3936 1756 4001 monasteriis

126 4041 239 4119 risui.)
966 4043 1032 4107 sibi
1047 4041 1212 4121 subjectis,
1235 4052 1266 4104 et
1286 4039 1474 4104 anctoritate
1499 4040 1664 4120 delegata,
1699 4053 1756 4118 pro

168 4139 252 4202 1v.·
270 4138 405 4201 Nomine
418 4135 611 4200 monialium
627 4134 915 4209 introducendum,
969 4143 1175 4206 monasteriis
1187 4142 1257 4205 sedi
1275 4141 1659 4221 spostolicaesubjectis...
1677 4140 1757 4201 item

128 4237 181 4304 Vel
195 4236 432 4302 fldffiillintissm
443 4238 477 4299 in
493 4236 674 4299 illusum
687 4251 840 4313 Pil⁵⁰¹¹⁸⁵
853 4249 916 4296 ¹¹⁰ss
968 4261 1027 4324 pro
1041 4243 1138 4308 dictis
1151 4243 1356 4307 monasteriis
1370 4242 1757 4306 talemlicentiernconce·

130 4341 286 4402 hebentes
301 4337 339 4400 ed
351 4336 383 4400 id
401 4336 577 4416 legitimum
588 4333 770 4397 fucultatem
782 4334 918 4398 veniunt
967 4345 1043 4408 dere
1060 4352 1164 4424 potest
1178 4342 1318 4407 vicarius
1334 4341 1534 4422 capitularis,
1551 4342 1629 4404 segg
1647 4356 1759 4402 paean.

129 4440 354 4506 omnesactire
369 4437 542 4502 influentes
553 4439 588 4498 in
612 4434 706 4498 telem
720 4434 916 4512 ingressum,
967 4452 1012 4520 ee,
1036 4453 1067 4508 et
1082 4443 1222 4508 vicarius
1247 4442 1406 4520 generalis
1418 4441 1575 4520 episcopi,
1593 4441 1622 4501 si
1640 4440 1677 4500 ad
1697 4437 1759 4500 hoc

129 4551 168 4607 ut
185 4550 261 4605 sunl
275 4540 463 4610 innitentes,
494 4534 717 4608 consulentes,
741 4533 916 4608 h⁰ll⁸¹11082
971 4545 1086 4608 hebeat
1101 4543 1238 4624 speciale
1254 4547 1451 4615 mundatum,
1471 4540 1634 4603 nonenim
1651 4538 1758 4600 eidem

129 4640 364 4723 approbantes,
395 4643 610 4702 ffl⁰¹1⁵ii⁸¹¹10⁵
639 4636 711 4708 liei·
737 4633 918 4697 differentes
968 4643 1085 4709 sufficit
1100 4643 1262 4725 'generalis
1272 4641 1417 4706 facultas.
1427 4641 1624 4721 {domnionis
1639 4653 1679 4701 cx
1691 4639 1761 4716 plu·

129 4741 381 4823 impedimenta,
397 4742 529 4821 januam
545 4739 740 4821 aperientes,
764 4754 817 4801 ets
834 4736 918 4800 rrci-
969 4745 1058 4809 ribus
1074 4761 1155 4807 sacr.
1179 4760 1289 4823 congr.
1309 4741 1432 4806 concil.
1451 4739 1601 4803 decretis.
1616 4773 1655 4784 -
1673 4736 1760 4802 1btd.

132 4844 273 4922 pientes,
290 4844 515 4915 concedentes,
542 4847 574 4903 et
588 4839 829 4914 auctoritative,
848 4839 917 4901 sire
969 4864 1004 4910 n,
1023 4847 1063 4909 85
1077 4844 1203 4924 etseq.)

131 4944 259 5008 ratione
275 4942 372 5006 officii
388 4943 442 5006 sui
460 4943 694 5023 permittentes,
707 4949 742 5005 ut
761 4941 919 5005 intrent.»
1011 4951 1103 5012 «Pro
1119 4945 1268 5026 ingressu
1283 4942 1317 5006 in
1342 4940 1534 5006 monasteria
1554 4939 1761 5020 regularibus

132 5045 319 5124 (annsnrs,
333 5042 412 5106 ibid.
431 5061 464 5107 n.
484 5043 548 5122 59.)
970 5045 1155 5113 immediate
1174 5043 1341 5125 subjecta,
1359 5043 1473 5105 stando
1489 5043 1524 5104 io
1542 5041 1615 5122 jure
1631 5039 1762 5102 concilii

170 5145 211 5206 V.
221 5141 516 5219 cardinales,etiem
527 5141 920 5223 legetiautepiscopi,sire
973 5145 1167 5220 Tridentini,
1181 5137 1326 5208 sullic'ere
1347 5140 1550 5206 ridetursola
1567 5141 1696 5204 licentia
1711 5156 1763 5200 sn·

131 5241 189 5306 alii
217 5241 340 5320 prelati
365 5240 437 5303 sine
464 5240 596 5305 licentio
623 5241 769 5322 episcopi
793 5239 920 5322 ingredi
972 5246 1112 5330 perieris
1137 5243 1307 5326 regularis.
1344 5239 1610 5322 (sesentiens.
1639 5239 1690 5312 25,
1717 5239 1764 5298 lic

132 5360 197 5409 non
215 5351 351 5421 possunt
363 5343 558 5406 monasterie
572 5343 773 5415 monialium,
785 5357 923 5424 quaeso·
973 5348 1077 5429 repul.
1103 5364 1172 5426 cap.
1189 5343 1228 5418 ὃς
1244 5352 1276 5406 et
1296 5344 1343 5405 sic
1361 5341 1508 5405 decisum
1522 5339 1584 5402 init
1606 5337 1729 5416 pluries
1745 5353 1763 5396 a

132 5459 204 5506 rum
216 5443 438 5524 jurisdictioni
452 5459 517 5508 non
533 5443 683 5515 subsunt,
700 5443 878 5524 snbpcenis
890 5449 941 5504 et.
974 5465 1055 5511 saer.
1070 5461 1178 5523 congr.
1192 5438 1328 5521 concil.)
1339 5441 1407 5503 Nisi
1421 5449 1526 5504 tamen
1536 5437 1764 5500 adsiteoosue·

131 5543 281 5607 censuris
306 5549 417 5607 contra
446 5542 605 5605 violantes
628 5542 808 5608 clausuram
835 5542 922 5608 tatis.
976 5548 1054 5612 tudo
1080 5540 1249 5618 cfllrtraria,
1279 5557 1343 5622 qua
1376 5542 1444 5602 istm
1462 5538 1602 5602 licentin
1627 5535 1667 5598 ab
1692 5533 1763 5614 epi·

134 5643 258 5723 (const.
276 5645 396 5705 Retron·
408 5641 660 5724 XlVSttlutttre.)
977 5662 1075 5726 scopo
1087 5639 1511 5714 tantumconcedantur,cni
1530 5631 1763 5700 consuetudini

175 5764 192 5801 ι
209 5743 334 5822 Prolati
354 5760 468 5808 omnes
482 5742 654 5808 secutores
677 5743 873 5826 episcopali,
888 5759 924 5809 oc
976 5743 1125 5807 standum
1140 5746 1201 5805 est.
1216 5739 1260 5830 lS.
1286 5755 1410 5822 congr„
1423 5739 1459 5801 tt
1473 5736 1548 5804 litii
1569 5733 1662 5815 toto,
1675 5733 1766 5797 Fun·

137 5839 233 5906 ctiam
241 5841 748 5926 cordinelrtusdignitateprediti
757 5851 929 5928 nequeunt
976 5840 1145 5910 simileid.
1162 5859 1195 5906 n.
1210 5841 1250 5906 et
1267 5846 1298 5906 et
1313 5839 1416 5922 seqq.)
1465 5857 1467 5862 ’
