4042 6458
305 359 360 425 ott
818 350 931 419 tulus
942 343 1122 414 canonici
1138 343 1398 410 mummolum
1873 347 1922 416 m

306 467 450 538 obeundo
482 463 566 530 nolli
607 463 696 527 cicili
728 463 884 543 potestati
918 460 1089 541 subjaceat.
1145 461 1215 521 tum
1246 463 1278 519 et
1309 454 1532 536 independens
1558 470 1577 520 a
1602 470 1798 538 maenaque
1839 455 1922 523 cirili

307 564 559 645 (littaroeopost.
574 560 633 626 SS.
646 561 683 624 Ρ.
698 559 754 622 Pii
766 561 815 624 tx
825 562 903 623 Corn
924 554 1090 633 rotbolr'oo,
1146 559 1318 633 potestate,
1344 568 1417 616 cum
1443 552 1583 614 declaret
1607 569 1643 615 se
1666 568 1733 616 non
1758 553 1860 616 teneri
1886 557 1921 618 ad
1973 619 1978 632 ,

305 664 461 730 idtlartii
479 660 580 741 tado.)
596 660 768 726 Nacoliam
785 659 818 724 in
835 658 904 722 suis
922 656 1029 720 causis
1044 654 1091 718 ci·
1146 653 1300 718 solvende
1311 653 1431 717 tributa
1448 654 1580 734 regibus
1594 660 1703 730 terras,
1718 657 1921 736 consequitur

306 762 429 828 xilibus
446 768 479 826 el
493 759 737 841 temporalibus.
1145 754 1233 835 quod
1248 752 1396 818 Christus
1410 772 1461 819 res
1476 755 1668 835 temporales
1681 757 1797 822 hebuit
1812 763 1842 820 et
1857 776 1922 838 por·

257 890 263 897 ·
345 862 386 930 v,
410 861 457 926 lia
473 860 535 925 ilde
552 865 601 926 est
619 858 708 943 quod
724 857 871 923 cbristus
889 857 958 918 ltex
979 869 1092 934 regum
1145 849 1228 914 sedit
1259 858 1408 934 tanquam
1437 852 1586 934 princeps
1608 871 1782 932 supremus
1806 863 1836 920 et
1860 875 1921 922 sue

305 968 446 1028 mannus
464 975 484 1023 a
500 956 676 1039 semetipso
693 954 805 1020 hebuit
829 960 861 1018 et
885 953 981 1018 habet
997 960 1092 1017 rater-
1145 948 1296 1014 Ecclesia
1321 949 1543 1030 independens
1566 954 1748 1017 monarcha.

305 1076 379 1125 nam
395 1075 431 1124 ac
444 1072 628 1139 supremam
645 1062 831 1137 potestatem
847 1052 981 1134 rependi
995 1053 1091 1119 etiam
1184 1049 1339 1116 Preterea
1356 1050 1530 1116 Ecclesiam
1548 1070 1640 1116 suam
1658 1063 1817 1137 perpetuo
1835 1056 1920 1122 dura·

305 1156 527 1240 temporaliter
540 1161 573 1220 et
586 1154 724 1218 ciuiliter
747 1152 920 1217 Eaclesiam
934 1169 1036 1216 suam.
1146 1157 1249 1215 turam
1267 1158 1419 1233 tanquam
1444 1169 1578 1234 regnum
1600 1169 1697 1216 suum
1711 1152 1747 1216 in
1761 1153 1856 1218 terris
1876 1157 1919 1218 ri·

345 1259 400 1324 Vl.
423 1255 569 1319 cbristus
596 1272 654 1337 per
681 1253 878 1334 prophetiam
903 1264 934 1316 et
959 1255 1092 1332 liguram
1145 1250 1241 1315 sibile
1257 1260 1289 1316 et
1313 1266 1502 1331 corporeum
1524 1250 1741 1324 tundert1.et
1764 1255 1920 1318 constituit

305 1359 369 1426 sibi
402 1356 592 1440 preparavit
616 1355 789 1436 specialem
818 1353 939 1434 regiam
965 1362 1091 1430 tempo·
1145 1365 1214 1412 eam
1229 1349 1263 1412 in
1284 1347 1466 1414 societatem
1489 1347 1662 1430 perlectam
1676 1357 1708 1412 et
1723 1354 1762 1414 ab
1776 1351 1865 1415 omni
1878 1355 1919 1416 ci·

305 1459 404 1523 ralern
419 1457 617 1537 ciuilemque
633 1459 821 1534 potestatem
838 1451 1050 1517 exercendam
1073 1470 1091 1517 a
1145 1449 1204 1512 tili
1228 1456 1383 1527 potestate
1402 1449 1686 1529 independentem.
1708 1451 1782 1514 lstte
1796 1453 1918 1518 conclu·

305 1559 481 1637 semetipso
499 1557 533 1620 in
555 1573 655 1637 regno
674 1571 736 1619 suo
754 1552 1091 1632 terrestri‚quod·cst
1144 1548 1254 1612 siones
1280 1547 1320 1612 ed
1346 1550 1440 1612 iidem
1472 1550 1643 1626 pertinent.
1676 1551 1761 1630 Ergo
1786 1549 1917 1616 Christus

306 1658 462 1723 Ecclesia.
479 1656 548 1739 (dd
573 1656 668 1721 iidem
689 1653 830 1736 pertinet
855 1671 896 1716 ex
918 1651 1090 1733 scripturis
1143 1649 1318 1714 Ecclesiam
1333 1667 1425 1715 suam
1440 1650 1529 1714 omni
1545 1657 1700 1728 potestate
1720 1652 1879 1731 spirituali
1893 1665 1918 1719 et

306 1754 444 1837 annin)
1144 1751 1232 1815 cirili
1254 1752 1294 1815 ad
1318 1770 1388 1817 eam
1414 1753 1586 1833 regendam
1603 1755 1787 1823 necessarie
1803 1759 1917 1824 munire

345 1857 415 1920 llll.
433 1855 579 1920 Christus
593 1854 704 1918 virens
717 1851 749 1916 in
761 1852 957 1916 terrissuam
970 1849 1091 1932 regiam
1143 1849 1266 1913 debuit.
1283 1850 1427 1932 ideoque
1443 1873 1452 1914 r

304 1961 494 2036 potestatem
511 1953 642 2018 ciuilem
667 1959 700 2017 et
722 1953 934 2034 temporalem,
955 1969 1012 2033 per
1030 1969 1089 2016 su·
1182 1949 1240 2013 lx.
1274 1951 1503 2014 sanctissimus
1530 1952 1675 2031 pontifex
1703 1956 1867 2020 Romanus
1892 1957 1919 2022 iu

302 2072 434 2136 premas
444 2063 476 2123 ot
488 2053 647 2119 maximos
661 2054 827 2135 potestatis
840 2060 929 2118 ectus
944 2052 1091 2118 exercuit
1142 2046 1236 2112 beato
1253 2049 1350 2112 Petro
1364 2049 1487 2130 accepit
1502 2050 1542 2114 ab
1556 2051 1628 2131 ipso
1643 2052 1769 2118 christo
1790 2053 1921 2133 plenita-

304 2154 415 2239 (certa
438 2151 711 2235 exscriptoris).
738 2156 777 2217 Et
805 2155 835 2217 l.
861 2153 1091 2238 constituendo
1142 2147 1251 2212 dinem
1270 2166 1338 2213 sua
1353 2150 1449 2233 regias
1469 2153 1635 2231 potestatis
1660 2154 1757 2219 etiam
1779 2155 1922 2221 ciriliset

303 2253 479 2318 Ecclesiam
496 2271 587 2318 suam
604 2270 678 2318 cum
693 2252 786 2332 plena
803 2260 958 2334 potestate
974 2261 1091 2318 semet·
1143 2248 1329 2329 temporalis
1341 2267 1442 2332 super
1457 2269 1592 2334 regnum
1609 2253 1689 2331 Del,
1703 2254 1792 2336 quod
1810 2266 1858 2320 est
1872 2259 1921 2322 lle-

303 2355 407 2434 ipsnm
423 2363 490 2418 tum
507 2355 796 2437 spiritualitertum
809 2353 949 2418 civiliter
963 2361 993 2416 et
1011 2360 1091 2417 tem·
1143 2345 1262 2420 alesia,
1279 2348 1468 2414 exercendae
1490 2351 1617 2432 (cerm)
1639 2371 1679 2416 ex
1696 2353 1881 2436 Scriptura,
1895 2364 1922 2418 et

301 2455 455 2535 poraliler
478 2457 610 2537 regendi
634 2463 665 2520 et
684 2454 896 2536 gubernandi.
916 2485 956 2499 —
974 2456 1006 2517 2.
1029 2455 1090 2518 lte·
1144 2464 1185 2510 ex
1198 2447 1320 2511 Nicolai
1340 2466 1429 2529 papea
1443 2451 1540 2532 epist.
1557 2454 1599 2526 ad
1618 2453 1812 2518 Michaelrm
1827 2456 1922 2534 impe-
2001 2459 2002 2550 f

302 2549 452 2616 claranda
467 2569 503 2616 ss
525 2561 555 2616 et
570 2547 746 2616 Ecclesiam
761 2568 852 2616 suam
871 2550 1035 2614 immunes
1050 2549 1090 2614 ab
1143 2549 1345 2624 ratorem‚ibi
1357 2551 1518 2615 :cbristus
1530 2551 1922 2618 beotoPetrooitoeoetarno
2001 2613 2002 2616 ,

305 2648 393 2713 omni
406 2658 621 2729 regumlerrre
628 2647 855 2730 jurisdictione
871 2658 902 2713 et
912 2649 1088 2726 exactione,
1143 2649 1297 2728 cloeipero
1320 2651 1439 2712 temoni
1465 2651 1588 2714 scilieet
1606 2662 1634 2715 et
1656 2655 1788 2717 celestis
1806 2656 1922 2734 imperii

303 2747 387 2828 proed
401 2759 446 2810 est
462 2747 499 2810 de
512 2748 572 2829 fide
587 2767 627 2814 ex
641 2750 845 2814 damnatione
859 2749 1089 2830 propositionis
1135 2749 1216 2830 juro
1230 2750 1394 2812 commisit.
1408 2752 1445 2813 Et
1459 2767 1528 2831 cap.
1541 2753 1578 2816 si
1590 2755 1728 2834 [rutrum
1743 2755 1835 2818 unic.
1849 2755 1922 2818 tier

302 2849 439 2912 ilarsilii
455 2851 595 2913 Patavini
613 2857 644 2914 ct
658 2849 792 2915 loannis
809 2850 849 2914 de
861 2849 1010 2914 Janduno
1033 2866 1090 2929 per
1143 2857 1305 2929 extravag.
1322 2851 1455 2914 loannis
1469 2853 1583 2928 xxll,
1600 2853 1638 2924 in¹
1653 2854 1780 2934 quasis
1797 2854 1922 2918 babetur

302 2950 459 3010 ioannem
476 2950 580 3023 xxtt,
594 2947 692 3030 hujus
705 2949 849 3014 tenorisr
866 2948 989 3023 «lllud,
1002 2948 1088 3030 quod
1143 2965 1328 3028 expresse:
1349 2950 1483 3013 Soneio
1499 2961 1641 3015 nostrone
1661 2963 1690 3016 et
1712 2956 1853 3036 [retrusa
1873 2967 1944 3016 rto·¹

303 3046 344 3108 de
363 3046 489 3111 Christo
510 3048 629 3128 legitur
653 3050 687 3112 in
710 3048 885 3128 Evangelio
906 3049 989 3112 beati
1010 3051 1090 3112 ilat·
1142 3055 1283 3120 eborum
1311 3047 1478 3113 deductum
1508 3060 1554 3115 eet
1591 3051 1696 3134 (samo
1730 3053 1921 3135 dioulponte)

302 3141 398 3223 thei,
429 3149 515 3228 quod
546 3148 616 3227 ipse
644 3143 739 3212 solvit
764 3149 921 3213 tributum
952 3147 1088 3226 cessari,
1141 3146 1305 3222 notitione,
1320 3148 1406 3228 pund
1420 3149 1493 3212 licet
1506 3149 1544 3212 de
1556 3152 1634 3230 jure
1652 3153 1695 3215 sit
1715 3152 1920 3232 lineatione

302 3246 431 3325 quando
455 3254 603 3312 staterem
628 3257 792 3332 sumntum
821 3267 862 3314 ex
885 3266 941 3314 one
966 3251 1086 3330 piscis,
1142 3245 1180 3306 ob
1197 3244 1272 3309 olim
1284 3248 1385 3327 {uerit
1400 3250 1583 3313 inconcusse
1598 3261 1767 3326 seruolum,
1784 3253 1923 3333 quodem

301 3341 369 3406 illis
384 3387 393 3420 ,
408 3345 466 3425 qul
488 3345 638 3425 petebant
659 3347 863 3424 didrachma,
882 3348 979 3430 jussit
996 3349 1087 3424 dari,
1142 3356 1231 3410 conte
1250 3349 1383 3429 imperio
1387 3393 1449 3414 .....
1465 3369 1536 3412 cum
1556 3354 1591 3416 in
1612 3353 1668 3415 illo
1689 3351 1731 3416 nd
1751 3356 1923 3418 recolerent

301 3441 449 3506 bocleeit
471 3460 535 3508 non
555 3446 825 3521 condescensire,
841 3455 873 3510 et
898 3447 1088 3512 liberalitate
1135 3446 1538 3528 judicemnepueotboberi
1551 3455 1767 3530 occasioned
1780 3475 1924 3519 summurn

302 3556 369 3602 auae
391 3540 544 3619 pietatis,
567 3542 624 3604 sed
649 3544 838 3608 neccessitate
859 3552 999 3610 coaetus.
1017 3568 1032 3604 o
1050 3579 1089 3594 -
1137 3547 1336 3626 pontificem,
1350 3550 1403 3611 oui
1415 3551 1451 3612 in
1461 3567 1600 3630 persono
1613 3553 1697 3618 deoti
1706 3557 1801 3618 Petri
1814 3560 1924 3622 terreni

302 3639 332 3700 3.
348 3639 438 3702 llanc
460 3656 642 3718 supremam
666 3649 854 3720 potestatem
878 3645 1086 3723 temporalem
1140 3644 1280 3706 simulet
1297 3647 1430 3711 calestia
1446 3651 1834 3736 imneritjrrrolteneipee
1853 3677 1924 3719 coor-

302 3742 449 3800 exercuit
463 3737 659 3802 collectando
678 3757 734 3818 pro
758 3759 793 3804 se
809 3748 841 3806 et
855 3743 993 3821 collegio
1008 3761 1089 3822 apo·
1124 3736 1244 3817 'misia
1260 3743 1387 3823 imperti
1400 3747 1547 3824 praedicti
1561 3749 1761 3830 jurisdictio,
1779 3755 1922 3834 raptura,
2002 3757 2003 3832 J

303 3837 420 3901 stolico
437 3838 616 3903 oblationes
631 3855 648 3902 a
662 3840 868 3906 credentibus
883 3842 918 3904 in
934 3859 990 3918 se,
1008 3846 1085 3908 Luc.
1142 3850 1172 3903 et
1185 3840 1353 3924 dispositio
1368 3844 1587 3922 decolorentur,
1604 3859 1633 3911 et
1649 3869 1685 3912 θα
1698 3853 1766 3932 t'ttte
1779 3853 1923 3932 (durante
2002 3863 2003 3868 ’

303 3951 376 4010 tut,
390 3937 411 3996 2
425 3936 491 3998 clii
1143 3941 1243 4020 ipsine
1260 3947 1424 4009 curatione
1442 3947 1586 4029 imperii)
1602 3968 1664 4030 por
1679 3969 1728 4027 te,
1745 3953 1797 4014 cel
1809 3953 1921 4027 aliern,

343 4034 427 4098 vltt.
442 4035 588 4100 Christus
605 4037 716 4102 vivens
732 4039 764 4101 in
780 4038 873 4101 terris
890 4040 1003 4114 habuit,
1015 4059 1087 4105 cum
1141 4061 1195 4104 scu
1208 4045 1289 4106 ulios
1311 4050 1489 4109 exercuisse
1503 4051 1648 4112 noscitur
1662 4053 1698 4114 in
1713 4053 1847 4133 irnperio
1863 4075 1922 4116 rae·

303 4131 441 4212 collegio
471 4137 688 4215 apostolorum
724 4156 831 4202 rerum
863 4141 1086 4218 temporalium
1140 4152 1262 4205 ntoroto
1289 4145 1472 4218 :nonnulli
1489 4151 1763 4216 tornent'nltulioe
1779 4146 1923 4234 portibus

303 4230 542 4308 possessionem
557 4239 588 4298 et
604 4234 784 4298 dominium
796 4235 953 4300 directum
969 4247 1000 4301 et
1016 4257 1087 4318 per·
1140 4243 1306 4322 potestatis
1325 4252 1354 4305 et
1369 4243 1535 4324 dipnitotie
1547 4249 1711 4329 [ostiolum
1728 4253 1843 4317 illicite
1864 4277 1923 4318 on·

302 4328 433 4392 seclum.
454 4333 525 4412 (lte
543 4334 604 4396 lide
621 4341 725 4397 estex
744 4335 845 4416 capite
861 4336 937 4399 Cum
952 4339 1036 4402 inter
1049 4339 1084 4414 le,
1140 4341 1297 4406 bientee...
1319 4343 1434 4424 ubsque
1452 4357 1562 4409 nostru
1575 4348 1624 4410 cel
1638 4352 1822 4430 apostolicae
1845 4355 1922 4418 redit

302 4431 347 4491 De
371 4429 495 4494 verbor.
512 4433 621 4516 alpais.
644 4433 691 4497 tit.
717 4454 785 4510 xxv,
809 4447 970 4520 extrarng.
988 4442 1087 4505 ioan·
1137 4444 1240 4523 petito
1253 4442 1436 4506 oelobtento
1449 4445 1577 4509 licentio
1590 4451 1727 4512 retinere
1745 4453 1810 4516 sibi
1822 4454 1922 4534 (quod

301 4529 353 4592 nis
368 4531 494 4612 XXll.)
511 4535 547 4596 tlt
564 4534 713 4614 exemplo
730 4553 791 4600 suo
805 4538 964 4602 stabiliret
982 4540 1089 4605 Eccle-
1140 4547 1232 4604 antea
1243 4542 1396 4622 gerebant
1408 4562 1447 4606 ex
1459 4545 1661 4624 imperatoris
1672 4552 1921 4634 commissione),

301 4625 358 4688 sisa
391 4646 460 4692 suae
490 4630 546 4710 jus
582 4634 797 4709 possessionis
826 4646 857 4699 et
881 4641 1087 4704 dominii-
1140 4649 1241 4704 eto....
1262 4645 1439 4707 temerariis
1457 4646 1587 4709 ausibus
1601 4662 1921 4730 presumpserunt...

302 4725 445 4804 ideoque
484 4729 688 4807 pertinaciter
725 4736 978 4803 contradicentes
1011 4751 1086 4806 sunt
1138 4739 1445 4805 Nos....eoludriter
1463 4761 1629 4806 occurrere
1646 4749 1921 4830 cupientet,proe·

301 4819 444 4886 baeretici
459 4832 491 4886 et
507 4838 674 4907 nequeunt
688 4831 811 4896 absolvi
828 4835 893 4898 nisi
916 4854 934 4901 a
958 4856 1086 4906 summo
1139 4839 1275 4901 stolium
1285 4841 1475 4903 auctoritate
1488 4859 1666 4918 mmmm,
1682 4845 1740 4907 ⁸¹⁴⁶
1756 4865 1922 4911 excommu-

301 4923 478 5014 pontifice,¹
507 4941 548 4988 cx
579 4926 667 4992 bulla
694 4930 871 4996 Posterolie
903 4937 937 4999 in
974 4941 1085 5018 Ceam
1138 4939 1310 5002 nicationis
1329 4958 1436 5021 peno,
1454 4959 1559 5012 omnes
1580 4945 1831 5024 etsinpulos.....
1851 4967 1921 5028 pue·

301 5019 428 5081 utiantsi
446 5021 826 5108 sintoccultilneretici3
849 5039 880 5095 el
904 5039 1085 5102 sacerdotes
1141 5045 1230 5100 tenor
1234 5082 1296 5101 .....
1311 5056 1450 5119 prorsus
1467 5039 1644 5106 detineant
1661 5052 1697 5105 et
1720 5047 1848 5110 omnino
1875 5048 1920 5110 de-

300 5117 486 5198 hujusmodi
503 5122 729 5204 absolventes,
746 5138 879 5210 excepto
893 5135 1006 5198 mortis
1032 5152 1088 5200 ar·,
1140 5141 1266 5204 sistunt.

301 5218 412 5294 tinulo,
426 5220 558 5285 nulliter
573 5233 672 5304 egunt
685 5234 717 5291 et
728 5229 1002 5310 majorcmsanotre
1015 5237 1086 5300 sedi
1179 5241 1220 5302 x.
1243 5241 1386 5305 Ecclesia
1412 5243 1567 5318 catholica
1597 5253 1691 5325 prout
1715 5255 1765 5312 est
1790 5249 1918 5311 societas

299 5324 492 5378 reservatam
516 5321 882 5390 excommunicationem
908 5327 980 5409 ipso
1002 5333 1086 5400 iacto
1139 5339 1425 5418 diuino-humana,
1444 5342 1569 5423 dejure
1585 5347 1699 5410 divino
1717 5354 1821 5427 polest
1842 5349 1918 5412 bona

300 5410 482 5478 incurrunt.
500 5420 546 5482 Ex
561 5420 671 5483 eadem
690 5421 778 5488 bulla
793 5427 981 5494 Postorolir.
1138 5442 1326 5520 temporalia
1348 5443 1538 5522 possidere,
1557 5453 1589 5509 et
1606 5447 1801 5526 eademjure
1813 5449 1917 5510 dirino

340 5513 420 5575 Cum
452 5532 493 5577 ex
530 5521 783 5594 precedentibus
820 5529 1085 5620 conclusionibus
1139 5541 1234 5606 habel
1257 5545 1405 5623 plenum,
1426 5548 1701 5625 perlectum,imo
1723 5567 1914 5626 supremum.

300 5610 446 5676 Christus
462 5632 526 5679 non
541 5626 663 5682 tantum
679 5619 828 5686 habuerit
842 5644 949 5692 rerum
966 5636 1086 5712 tempo·
1139 5641 1362 5721 independens
1385 5654 1416 5710 nn
1441 5655 1624 5728 exemplum
1650 5667 1667 5714 n
1693 5651 1838 5714 wectari
1861 5667 1915 5731 pn.

238 5737 241 5744 ·
301 5710 416 5776 salium
440 5717 619 5784 dominium
640 5719 826 5804 singulare,
844 5729 900 5794 scd
922 5730 1018 5796 ctiam
1039 5736 1085 5799 al·
1140 5747 1253 5804 testate
1269 5743 1450 5809 dominium
1467 5746 1500 5811 in
1517 5747 1612 5813 bonis
1631 5750 1860 5830 temporalibus
1879 5751 1913 5814 ab
