4004 6458
310 341 364 466 gp
816 389 931 458 suus
947 383 1128 455 cunnum
1145 383 1410 454 uouenuuuu.
1601 413 1608 430 ·
1880 387 1927 458 sto

311 505 466 591 potantis,
480 503 698 586 apostolorum
712 497 797 568 Petri
814 505 845 566 el
859 499 962 575 Pauli,
978 504 1010 562 et
1023 509 1096 572 sua,
1155 513 1220 562 uon
1243 499 1427 573 utebantur,
1451 497 1532 564 cum'
1550 499 1716 581 proprian
1735 499 1820 564 estet
1833 497 1928 564 alboi-

309 607 453 674 decernit
467 625 502 670 ac
519 605 631 670 debuit
648 603 687 667 tt.
703 608 850 668 sanctum
866 615 952 674 esse,
967 601 1101 662 saneto-
1154 613 1265 666 corum
1279 621 1288 677 3
1303 607 1336 666 et
1352 599 1455 676 tituli,
1475 599 1543 666 loca
1557 599 1679 664 scillcet
1696 599 1928 664 beccensem-

310 729 379 776 rum
405 710 549 786 catalogo
574 703 836 776 adscribendum,
857 707 888 766 et
902 703 942 766 ab
970 701 1101 766 unirer·
1155 705 1197 776 la,
1212 717 1286 783 que
1300 702 1482 767 sacerdotes
1497 709 1529 768 et
1545 701 1711 766 ministros
1723 699 1928 766 sibiadlicloa

309 811 367 872 sali
394 807 538 872 Ecclesia
568 804 754 869 colendum.
788 801 962 883 Expeditne
990 806 1100 880 postea
1156 801 1326 868 babebant.
1344 804 1376 868 Si
1393 820 1490 884 quam
1507 803 1541 868 in
1558 805 1750 868 memoriam
1764 800 1925 880 propbeta,

310 908 526 981 constitutio,
554 923 614 968 scu
643 904 735 968 Bulla
763 901 950 985 pontilicis,
981 899 1100 964 directa
1154 912 1209 968 aut
1230 905 1380 984 aposloli,
1396 913 1452 969 aut
1472 903 1624 986 martyris
1650 903 1816 969 ecclesiam
1842 902 1928 967 eoin-

235 1004 239 1010 ’
309 1008 492 1088 cacunem
507 1005 695 1070 Ecclesiam.
1153 1005 1277 1079 cabant,
1293 1023 1363 1070 eam
1389 1005 1609 1088 prophetem,
1626 1003 1833 1088 oportoictrar,
1852 1019 1926 1064 mer-

352 1108 610 1170 «Cmomacrao
638 1105 806 1184 igiturest
830 1101 990 1168 sententia
1021 1100 1101 1164 dob-
1155 1108 1458 1189 lpriaameristiani
1478 1111 1692 1189 appellabant.

309 1209 421 1280 nitiva,
451 1227 514 1290 qua
543 1208 727 1272 decernitur
754 1207 896 1289 aliquam
928 1206 961 1268 in
991 1204 1099 1269 album
1194 1209 1251 1273 lli.
1269 1229 1284 1266 a
1301 1208 1415 1272 Primae
1431 1203 1928 1274 christianornmecclesiariu-

310 1317 496 1370 sauctorum
513 1323 585 1370 esse
597 1306 823 1378 deserendum,
838 1313 870 1368 et
886 1321 925 1370 eo
937 1305 1030 1368 tilulo
1047 1319 1102 1368 oc·
1155 1307 1719 1386 plicasermouieelntssevidenmr,
1730 1303 1928 1387 qualearide·

311 1408 439 1470 lendum
466 1407 594 1486 publice
610 1409 644 1470 in
664 1408 812 1470 universa
832 1406 986 1470 Ecclesia.
1015 1409 1099 1470 ilum
1154 1409 1230 1474 licet
1252 1411 1396 1476 noctium
1413 1421 1584 1494 paupertas
1606 1421 1637 1476 et
1653 1413 1809 1493 paucitas,
1824 1403 1928 1469 actor-

308 1525 423 1572 serrus
454 1509 511 1571 Dei
545 1509 738 1589 proponitur
783 1507 986 1574 venerationi
1018 1509 1098 1572 ide·
1155 1509 1388 1574 midolosorum
1419 1521 1600 1594 temporum
1641 1511 1723 1576 ratio
1751 1508 1926 1590 patiebatur.

312 1608 405 1683 lium,
421 1608 518 1672 simul
533 1609 714 1674 declaratur
725 1609 787 1673 sub
799 1627 865 1690 quc
876 1611 971 1673 tilulo
985 1609 1101 1674 debeat
1153 1609 1213 1674 Sed
1227 1618 1317 1674 aucta
1333 1611 1483 1677 tidelilrus
1499 1621 1596 1694 atqua
1607 1607 1929 1678 oblationibcsEccle·

308 1707 473 1783 honorari,
500 1718 532 1774 et
549 1711 767 1790 praescribitur
786 1711 974 1774 cilicium.»
1001 1709 1099 1791 (Pro-

306 1809 379 1873 laer.
390 1810 459 1892 jer.
477 1827 546 1872 coc.
571 1812 603 1874 S.
620 1809 764 1891 Sulpitii,
780 1816 849 1891 part
873 1827 922 1884 ur,
943 1814 1097 1886 art.1,n.

309 1909 368 1972 tna
384 1917 414 1972 et
428 1909 534 1992 seqq.)

618 2029 732 2089 CAPUT
752 2029 797 2088 tt.

309 2140 349 2196 Dc
362 2140 469 2209 templis
483 2155 528 2196 reo
539 2140 653 2198 ecclesiia
667 2153 691 2197 el
709 2143 815 2210 caprilia
826 2143 936 2214 publicis
949 2150 975 2199 ct
1009 2145 1100 2201 riualis

365 2227 412 2266 cco
431 2213 568 2274 oratoriis,
587 2221 612 2266 ct
634 2229 724 2268 eornm
739 2213 882 2286 prioiiepiia
896 2214 987 2285 aliteri
1005 2232 1046 2272 na.

308 2312 324 2388 i
341 2312 363 2372 1.
375 2343 413 2358 -
426 2315 465 2372 [le
481 2315 587 2389 origine
609 2326 638 2372 ct
656 2317 744 2374 torma
762 2319 891 2391 primurn
904 2319 1098 2379 Ecclesiamm.

347 2425 413 2492 L«
441 2428 501 2490 lies
528 2445 625 2491 sacrm
644 2439 720 2492 aunt
735 2448 785 2494 res
798 2431 864 2496 ileo
889 2440 920 2496 et
949 2433 1098 2513 religioni

309 2535 516 2600 consecrate,
540 2534 573 2590 ul
604 2545 677 2608 quac
705 2529 864 2607 pertinent
884 2532 922 2594 ad
951 2533 1097 2598 <lilinum

310 2623 432 2688 cultulu
459 2637 660 2706 peragantur.
678 2627 872 2708 liujusmocil
891 2639 967 2695 sunt
985 2633 1017 2697 in
1036 2635 1098 2715 pri·

311 2729 372 2790 mis
388 2729 542 2800 eraclesis,
560 2747 658 2794 sucre
676 2733 835 2795 nimirum
852 2735 938 2798 aedes
962 2735 1000 2800 ad
1018 2755 1098 2816 quas

308 2825 482 2890 Cirrisliani
502 2829 716 2903 cortreuiunl,
744 2839 900 2902 utonem
930 2836 1098 2916 religionis

310 2927 509 3006 impendant.
552 2928 704 2993 Ecclesim
747 2931 936 2994 vocabulum
971 2935 1098 3013 proprie

309 3025 469 3105 significat
484 3027 670 3090 societatem
688 3034 921 3092 etconrentnm
934 3031 1074 3096 tinellum
1087 3051 1097 3112 3

309 3123 538 3188 calomniam
570 3139 733 3186 consensu
768 3125 947 3188 traductum
984 3136 1034 3191 esl
1059 3131 1097 3192 ati

310 3221 546 3302 designandum
564 3221 683 3296 locum,
700 3223 733 3284 in
750 3239 816 3304 quo
832 3223 1006 3288 Christiani
1021 3243 1098 3290 aooa

311 3328 414 3403 egunt
445 3329 623 3386 conventus
641 3343 652 3399 3
672 3330 703 3386 el
723 3340 782 3386 nos
801 3323 861 3388 boc
878 3343 977 3390 sensu
999 3328 1100 3394 cocle·

312 3426 371 3486 siaa
402 3421 591 3486 vocabulum
621 3441 827 3502 usurpamus.
852 3425 1010 3491 Nimirum
1026 3445 1099 3494 cum

310 3519 432 3588 Christi
447 3522 588 3588 Ecclesia
609 3523 748 3588 risibilis
764 3525 819 3601 sit,
840 3535 954 3610 preter
977 3529 1098 3594 cultum

309 3623 485 3697 internum,
495 3621 613 3688 hebere
626 3625 722 3688 eliam
733 3625 829 3689 debet
842 3633 1023 3706 externum,
1041 3632 1100 3713 qui

311 3721 578 3784 nuttriscousislil
606 3721 640 3785 in
673 3725 901 3788 communibus
935 3725 1098 3806 precibus,

313 3822 347 3884 in
361 3821 460 3883 aceris
473 3821 601 3898 ritibus,
621 3821 653 3884 in
672 3823 848 3896 sacrificiis,
870 3825 903 3888 io
920 3843 1099 3893 sacramen·

314 3928 419 3984 torum
445 3921 722 3985 administratione
747 3942 757 3998 3
786 3923 926 4004 ideoque
953 3927 1098 3994 instituta

315 4027 390 4082 sulit
411 4023 489 4092 loca,
511 4018 548 4080 ld
575 4036 647 4097 qum
660 4017 832 4083 Christiani
855 4033 1098 4102 concurrerent,

272 4133 274 4139 ⁴
314 4127 352 4184 ul
366 4120 486 4182 divinis
498 4119 662 4200 sacrisque
681 4121 778 4184 subtis
795 4138 926 4202 operam
943 4127 1097 4191 darent.»

354 4219 395 4280 ll.
412 4241 427 4276 a
447 4219 515 4281 ianr
527 4219 603 4282 inde
618 4218 657 4281 ub
671 4222 888 4297 opostolcrum
905 4233 995 4289 elate
1010 4227 1101 4293 Chri·

315 4319 408 4381 stiuni
426 4332 509 4382 certa
522 4319 702 4383 babuerunt
717 4321 796 4397 loca,
806 4323 844 4386 ad
860 4341 932 4404 quse
946 4325 1099 4408 frequen·

1154 1708 1212 1782 sia,
1237 1717 1267 1772 et
1283 1714 1438 1778 exstincta
1453 1713 1626 1776 Christiani
1643 1711 1789 1776 nominis
1810 1708 1928 1782 incilia,

1155 1809 1263 1875 multia
1279 1829 1389 1891 eaeque
1417 1813 1688 1896 splendidissime
1704 1813 1790 1874 aedes
1805 1809 1929 1872 aaron·

1154 1917 1193 1974 ta)
1207 1921 1295 1976 sunl.
1312 1916 1526 1980 Accesserant
1541 1915 1643 1978 edicta
1659 1909 1931 1992 imperatorumue

1042 2043 1045 2052 ·
1154 2009 1284 2090 templis
1296 2011 1496 2076 ethnicorum
1509 2011 1701 2077 ioecclcaias
1717 2007 1931 2073 convertentia

1153 2115 1185 2174 el
1200 2129 1325 2188 eorum,
1340 2127 1388 2177 'ac
1411 2119 1587 2193 presertim
1607 2109 1812 2178 Constantini
1839 2108 1933 2170 muni-

1104 2245 1107 2252 ·
1153 2210 1290 2289 licentia,
1304 2230 1380 2294 qua,
1393 2223 1523 2296 sumptu
1534 2233 1607 2280 rere
1620 2216 1719 2294 regio,
1736 2211 1930 2292 magnificen-

1153 2306 1276 2380 ¹tissima
1289 2319 1405 2398 tempta
1422 2319 1557 2382 excitata
1579 2327 1666 2381 scint.
1691 2341 1706 2376 ι

1191 2415 1278 2479 libr
1307 2418 1409 2482 Vetus
1430 2418 1574 2482 ecclesias
1599 2417 1700 2481 forma
1732 2423 1762 2480 et
1780 2417 1860 2478 silus
1874 2428 1932 2476 non

1152 2533 1280 2596 semper
1293 2517 1379 2582 idem
1396 2519 1577 2583 :interdum
1593 2518 1731 2597 oblonga
1747 2517 1932 2580 eralacnari

1150 2617 1282 2694 similis,
1299 2618 1462 2683 interdum
1483 2620 1631 2692 rotunda,
1648 2625 1701 2682 aut
1729 2617 1868 2698 plurium
1892 2615 1932 2678 lr-

1154 2724 1270 2789 terum,
1288 2725 1342 2781 aut
1357 2719 1395 2782 nd
1410 2718 1545 2782 formam
1561 2719 1664 2782 erucis
1677 2735 1760 2798 3qua
1779 2717 1820 2780 de
1831 2733 1862 2778 re
1876 2731 1933 2777 non

1155 2835 1240 2882 unus
1256 2836 1396 2900 semper,
1425 2837 1484 2884 nec
1516 2821 1637 2902 ubique
1662 2837 1733 2882 mos
1748 2818 1822 2884 luit.
1837 2817 1934 2880 lisele·

1152 2919 1208 2982 site
1222 2918 1312 2984 irone
1325 2927 1360 2984 ut
1376 2920 1564 3000 plurimum,
1584 2924 1622 2984 ad
1638 2920 1840 2982 occidentem
1870 2935 1933 2996 rpe-

1152 3021 1267 3098 ctabat,
1293 3024 1510 3086 sanctuarium
1527 3024 1565 3086 ad
1592 3023 1763 3096 orientem,
1788 3021 1932 3102 quoniam

1153 3122 1431 3186 rersusorientem
1443 3121 1615 3187 Christiani
1633 3120 1931 3202 precesiuudebant.

1151 3222 1211 3286 Sed
1224 3237 1425 3304 stupensque
1437 3225 1608 3298 orientem,
1624 3241 1730 3305 neque
1741 3222 1931 3287 occidentem

1152 3323 1370 3386 sanctuarium
1380 3323 1592 3406 respiciebal3
1607 3332 1638 3389 el
1652 3342 1729 3389 vero
1747 3323 1933 3403 abantiquis

1153 3421 1372 3485 monumentis
1402 3421 1518 3502 quavis
1541 3417 1643 3486 forma
1669 3428 1701 3485 ct
1717 3421 1784 3484 aitu
1799 3417 1935 3483 ecclesia

1153 3520 1358 3587 exhibentur.
1383 3545 1398 3581 a

1193 3621 1231 3685 V.
1244 3643 1259 3678 a
1274 3619 1344 3685 lam
1362 3639 1439 3687 vero
1455 3623 1609 3699 ecclesias,
1620 3619 1794 3701 presentia
1807 3616 1935 3699 amplio-

1154 3739 1217 3800 res,
1247 3723 1397 3805 pluribus
1429 3731 1574 3789 constant
1609 3724 1763 3804 partibus,
1802 3735 1932 3803 natarum

1152 3825 1223 3889 alie
1237 3825 1427 3900 interiores,
1445 3824 1505 3889 boc
1521 3833 1583 3898 eat,
1596 3824 1677 3889 intra
1702 3821 1838 3904 parieles
1853 3827 1933 3893 sunt,

1151 3927 1223 3990 alie
1237 3929 1427 4005 exteriores,
1445 3945 1517 4008 que
1545 3925 1720 4007 parietibus
1746 3940 1807 3988 non
1832 3923 1934 3985 iuclu·
1995 3967 1996 3990 l

1152 4025 1286 4088 duntur.
1305 4027 1414 4088 Partes
1430 4026 1620 4101 interiores,
1641 4023 1824 4100 exactique
1849 4021 1935 4083 disei-
1995 4025 1996 4111 l

1152 4127 1239 4207 plina
1254 4137 1341 4190 erant
1358 4123 1492 4189 nuclea
1511 4126 1579 4191 sire
1591 4126 1706 4209 seclo,
1720 4124 1934 4204 camplemsira

1151 4231 1253 4304 conia,
1276 4235 1308 4292 et
1331 4229 1417 4292 bema
1449 4228 1518 4290 siva
1543 4227 1769 4290 sarlctnarium.
1800 4223 1934 4286 Narthex

1153 4339 1217 4392 erat
1228 4347 1300 4410 para
1312 4330 1449 4410 oblonga
1464 4339 1495 4392 el
1508 4337 1643 4408 angusta
1660 4329 1697 4392 ad
1714 4329 1811 4390 instar
1818 4325 1933 4408 faule,

315 4425 362 4483 tes
393 4419 639 4494 conveniebant,
661 4427 696 4482 ut
724 4421 971 4488 rescivinasac
995 4443 1099 4490 sacras
1153 4439 1369 4495 etrausverso
1385 4429 1500 4494 frontis
1523 4431 1679 4504 ecclesias,
1710 4428 1832 4508 ibique,
1867 4429 1932 4489 clun
1994 4499 1995 4514 .

315 4525 459 4597 agerent.
476 4535 547 4598 quse
563 4519 630 4581 loca
655 4531 725 4597 post
747 4521 875 4584 modum
893 4522 1035 4586 ecclesie
1049 4545 1101 4605 ap·
1153 4545 1251 4593 scorta
1265 4531 1437 4595 conciones
1450 4529 1934 4607 habebantur,infldales.here
1994 4517 1995 4558 1

317 4619 431 4700 pellata
461 4629 567 4696 sunl,
596 4619 766 4695 ecclesie,
797 4620 960 4701 inquam,
992 4625 1099 4705 polius
1154 4629 1220 4706 lici,
1248 4629 1468 4694 catechumeni
1497 4641 1527 4696 el
1559 4633 1748 4713 poenitentes
1778 4630 1933 4693 audieram

317 4735 413 4798 qunm
444 4718 574 4799 templa,
590 4735 631 4782 ne
656 4718 702 4781 illi
726 4721 899 4786 convenire
914 4723 1101 4790 riderentur
1153 4729 1228 4792 dicti
1243 4731 1510 4795 consistebant.»

316 4834 390 4880 curn
414 4815 563 4886 etbnicie,
583 4833 682 4895 proces
705 4835 788 4897 quos
803 4817 1011 4886 celeberrima
1027 4823 1100 4889 ine·
1193 4831 1248 4895 vl.
1266 4833 1478 4896 «Narthecem
1491 4835 1673 4913 excipiebat
1686 4834 1824 4915 persilio
1837 4835 1929 4900 eccle·

317 4926 391 4980 runt
402 4917 592 4997 templorum
605 4927 635 4980 el
647 4916 794 4980 initorum
806 4913 948 4986 nomina.
960 4924 1100 4990 Vocatur
1153 4929 1221 5004 rire,
1238 4933 1601 5017 quapropriecemplum
1613 4937 1747 5001 nononis
1760 4937 1929 5002 dicebatur.

319 5025 425 5082 aulem
446 5019 580 5081 ecclesia
594 5019 634 5080 ab
650 5017 876 5082 ecclesiasticis
891 5023 1099 5104 scriptoribus
1154 5031 1240 5104 limo,
1259 5039 1293 5096 ut
1319 5034 1506 5112 plurimum,
1526 5039 1677 5118 quatlrala
1703 5046 1785 5114 erat,
1803 5053 1930 5116 eamque

316 5121 412 5182 etiam
429 5121 617 5192 oratorium,
632 5121 691 5184 boo
705 5130 752 5186 esl
762 5123 852 5186 locus
867 5124 899 5186 in
911 5141 976 5206 quo
988 5145 1099 5205 preces
1154 5133 1333 5198 anarllrece
1350 5137 1539 5214 separabunt
1559 5137 1661 5216 lignea
1676 5139 1822 5219 quaedam
1850 5157 1930 5218 repa·

314 5220 514 5294 funduntur,
538 5231 570 5284 et
597 5221 804 5298 dominicum,
828 5229 887 5288 boc
907 5233 956 5287 est
984 5229 1099 5292 domus
1154 5233 1227 5309 gula
1245 5233 1350 5310 pervia
1368 5237 1479 5312 portis,
1492 5253 1572 5316 quas
1591 5246 1698 5318 portos
1712 5240 1860 5317 repioret
1873 5257 1930 5318 apc-
1992 5229 1993 5312 3

317 5321 394 5393 llni3
424 5328 455 5384 et
481 5315 622 5398 basilico,-
645 5339 711 5403 quo
738 5324 867 5386 nomino
898 5326 1101 5405 appellantur
1154 5331 1480 5413 cloacaappetlabnnt.
1496 5339 1530 5399 ln
1556 5338 1701 5401 interiori
1728 5337 1827 5418 hujus
1845 5338 1929 5415 pariis

314 5422 410 5498 liiiiae
426 5421 511 5483 1111111
533 5421 570 5484 id
586 5423 762 5486 1111111111
778 5439 901 5498 11111111,
923 5434 976 5487 aul
1000 5426 1098 5489 alium
1155 5433 1235 5506 loco,
1252 5433 1308 5515 qui
1324 5435 1641 5515 statimingrcdienli
1659 5439 1860 5512 occurrebat,
1876 5446 1929 5499 sta·

313 5521 478 5598 publicum
496 5539 590 5585 usum
608 5527 804 5597 constitute,
816 5541 889 5604 111111
904 5525 1020 5590 &dett
1037 5527 1098 5606 piis
1153 5533 1230 5596 baut
1249 5535 1441 5613 poenitentes
1468 5537 1633 5611 substrati,
1648 5537 1680 5599 in
1694 5537 1867 5616 superiori,
1880 5535 1927 5614 qni

315 5619 562 5698 imperatoribus
577 5623 768 5687 Christianis
791 5626 871 5688 dalle
885 5635 978 5700 sunt,
1001 5634 1036 5689 ul
1053 5627 1099 5690 ibi
1154 5638 1221 5697 erat
1239 5635 1423 5699 sanctuario
1451 5637 1680 5716 propinquior,
1695 5637 1927 5699 conairtcctraat
1991 5687 1992 5698 .

313 5731 724 5803 1101111111811811111111111111
744 5746 754 5802 3
775 5735 806 5790 0²
821 5724 948 5806 templu,
961 5744 1028 5808 quo
1043 5743 1100 5791 oo·
1153 5734 1263 5798 fideles
1283 5736 1577 5813 communicantes3
1606 5737 1688 5803 ethi
1707 5736 1927 5816 snumqniqne
1991 5733 1992 5762 1

316 5816 403 5884 mine
420 5819 594 5893 Christiani
614 5827 718 5892 aerim
737 5827 781 5892 uti
806 5833 982 5908 coeperunt,
1003 5835 1095 5896 autea
1154 5831 1313 5900 habebant
1328 5835 1450 5916 locum,
1470 5854 1573 5903 mares
1586 5831 1924 5917 discrelumaieminis,
