4044 6458
266 426 317 494 etl

265 536 351 619 quod
364 540 575 614 competeret.
590 565 628 578 --
645 533 675 594 l.
694 532 725 594 st
750 532 894 612 ignorata
915 533 1045 612 quidem

266 651 331 698 non
352 633 412 696 luit
428 631 573 711 exceptio
589 636 662 693 ante
677 631 944 696 contestationem
970 631 1047 704 litis,

265 732 322 798 serl
350 738 416 796 tum
443 730 568 810 probari
592 745 657 792 non
673 735 806 809 poterat,
834 746 911 790 cum
941 736 1046 791 tamen

267 837 375 909 postea
391 830 548 911 probandi
566 828 698 892 leonitas
714 829 810 893 luerit
825 829 992 909 acquisita.
1010 862 1048 874 -

264 935 295 996 tt.
328 930 360 992 Si
388 929 547 1010 exceptio,
586 935 679 991 antea
707 927 838 999 omissa,
868 927 986 1004 statim,
1015 928 1047 990 in

261 1031 441 1096 ¹continenti
470 1037 539 1110 post
565 1028 651 1092 litem
667 1035 899 1104 contestatam,
921 1038 977 1092 aut
1004 1030 1051 1092 la-

263 1150 358 1213 psam
375 1133 753 1210 terminumopponatur.
773 1128 800 1210 »J

301 1235 456 1308 praterea
491 1232 524 1297 in
553 1236 757 1310 generepost
796 1230 860 1294 litia
888 1236 1051 1294 contesta-

265 1333 385 1407 tionem
415 1331 538 1411 opponi
574 1335 712 1409 possunt
737 1350 745 1389 a
773 1329 803 1392 1.
836 1329 1049 1408 Exceptioncs

265 1433 430 1507 dilatoriae,
443 1448 518 1511 qum
535 1446 717 1510 processum
737 1436 820 1492 retro
835 1429 959 1492 nullum
979 1429 1049 1491 red-

264 1535 344 1600 dunt
354 1554 363 1608 ;
374 1532 485 1612 qualis
498 1538 549 1596 cst
562 1530 709 1611 exceptio
721 1530 797 1602 salsi
820 1529 1048 1610 procuratoris,

264 1643 301 1697 et
330 1632 452 1713 judicis
488 1629 757 1709 incompetentis;
794 1645 865 1692 nam
899 1628 1073 1704 exceptio-

265 1733 421 1808 nullitatis
437 1733 524 1796 omni
540 1738 679 1809 tempore
692 1729 802 1804 etiam,
822 1733 893 1807 post
913 1735 1047 1790 senten-

265 1837 341 1898 tiam
359 1830 481 1912 opponi
498 1836 616 1910 potest.
631 1859 669 1874 ·-
684 1829 715 1891 2.
732 1827 958 1904 Exceptiones,
973 1841 1046 1903 quae

265 1947 435 2010 grave-men
458 1928 677 1994 successivum
697 1927 828 2000 babent,
845 1925 891 1988 uti
915 1932 965 1988 est
994 1942 1050 1986 ex·

266 2029 370 2108 ceptio
386 2027 444 2091 loci
474 2042 539 2088 non
558 2025 630 2101 tuti,
655 2025 891 2105 insuspecti,
918 2024 1048 2088 termini

264 2130 405 2210 angusti,
416 2126 648 2202 feriarummtc.
658 2128 736 2190 -3.
747 2126 899 2206 Exceptio
915 2142 1047 2193 excom-

266 2226 492 2292 municationis
508 2225 653 2304 maioris3
666 2241 738 2288 nam
754 2225 821 2291 trec
843 2224 875 2286 in
903 2240 1048 2303 quacun·

179 2351 183 2356 ·
265 2343 329 2407 que
346 2332 434 2404 parte
456 2325 568 2404 judicii
594 2324 740 2388 dilatorie
768 2323 887 2402 opponi
925 2328 1040 2402 potest.

248 2426 312 2504 ,(6.
331 2425 556 2506 serapionem
572 2425 619 2497 12,
634 2424 678 2484 Dc
699 2431 818 2501 accept.
828 2442 839 2492 ,·
855 2428 886 2484 et
899 2438 926 2483 e.
944 2420 1003 2485 Pio
1019 2420 1049 2492 l,

252 2526 338 2608 qaod.
355 2525 388 2591 in
403 2525 448 2606 6.)
459 2557 496 2569 -
510 2524 541 2585 la.
558 2524 685 2604 Opponi
705 2523 762 2585 lite
778 2528 966 2597 contestata,
982 2521 1048 2580 imo

267 2628 301 2688 in
328 2626 395 2704 ipsa
416 2623 622 2686 exsecutione
646 2627 748 2701 potest
768 2621 913 2697 exceptio
924 2635 1052 2694 compe·

265 2725 385 2806 tentiae.
393 2724 466 2786 Post
476 2721 740 2786 contestationem
751 2719 815 2792 litis
829 2718 932 2798 excipi
943 2724 1047 2796 potest

265 2826 305 2894 tle
334 2822 552 2902 ineptitudine
576 2822 755 2886 libelli-
780 2821 811 2884 6.
828 2820 907 2880 Sunt
925 2823 957 2894 et
981 2818 1052 2880 alim

266 2925 473 3004 exceptiones
490 2924 657 2994 dilatoriae,
682 2922 782 3002 ipsam
797 2937 925 2984 causam
951 2919 1052 2996 respi-

267 3029 498 3106 utentesque
543 3031 695 3104 poterunt
719 3031 790 3102 post
821 3023 906 3084 litem
945 3025 1052 3094 conte·

252 3135 379 3206 ,statam
394 3127 490 3206 objici
509 3133 541 3190 et
558 3124 738 3205 probari...
755 3146 770 3182 a

305 3226 392 3289 vllt.
404 3225 616 3304 Exceptiones
628 3221 850 3301 peremptoria
864 3219 1052 3300 regulariter

268 3331 340 3404 post
356 3323 622 3387 contestationem
641 3322 704 3383 litis
723 3331 949 3401 opponuntur;
966 3337 1050 3382 norr-

269 3421 365 3488 nullaa
392 3429 496 3486 umen
525 3420 645 3499 opponi
674 3423 808 3497 poseant
832 3419 941 3490 etiam,
962 3425 1052 3480 ante·

268 3538 366 3604 qnam
382 3521 424 3589 lis
442 3519 679 3594 contestatasit,
694 3526 725 3580 et
739 3517 856 3599 aliquae
873 3517 1051 3607 etiampost

269 3621 476 3696 senientiam.
496 3621 670 3702 Antequam
684 3620 724 3682 lis
737 3625 908 3686 contestata
923 3617 975 3692 sit,
994 3633 1051 3697 op·

268 3722 344 3800 poni
375 3727 537 3799 possunt:
562 3722 593 3800 .¹·
628 3717 842 3798 Exceptiones
874 3702 1051 3796 inproprie

268 3823 378 3894 dicte,
409 3820 558 3885 videlicet
584 3819 754 3882 solutionis
783 3815 885 3892 lacte,
909 3817 1052 3894 presert-

268 3919 398 4010 ptionis,
419 3925 479 3982 etc.
498 3951 536 3964 -
551 3918 582 3980 2.
599 3917 822 3995 Exceptiones‚
838 3933 975 3996 quaram
997 3932 1052 3978 re·

269 4020 344 4090 ritas
359 4017 484 4096 notoria
502 4023 562 4080 est.
579 4049 617 4061 -
630 4018 660 4080 3.
679 4017 757 4091 Qum
776 4034 815 4079 ex
829 4015 961 4093 speciali
981 4016 1050 4105 pri·

269 4117 388 4196 attegio
407 4115 476 4194 titis
490 4115 672 4194 ingressum
687 4115 879 4195 impediunt.

308 4211 385 4273 Post
411 4214 593 4274 sententiam
619 4212 738 4291 opponi
762 4219 924 4294 possunt:
947 4213 976 4274 1.
993 4215 1051 4288 Ex·

270 4311 374 4390 ceptio
402 4310 558 4394 nollitalis
587 4312 754 4374 sententie
793 4329 832 4375 ex
862 4329 1053 4392 quacunque

771 420 884 482 tttttts
901 420 1078 482 clnorttct
1097 421 1359 488 COMPENDIUM.

1833 411 1886 478 tet

1107 536 1227 600 tionem
1255 537 1394 616 aliquam
1427 550 1500 598 reus
1526 547 1675 604 voluerit,
1700 524 1888 606 aegulerller

1101 635 1238 713 amplius
1249 651 1312 698 non
1327 635 1486 701 audiatur.

1142 735 1183 796 Χ.
1203 731 1466 811 lincopiensem
1486 748 1503 793 a
1524 735 1611 809 parte
1636 743 1701 790 non
1714 741 1889 804 opponun-

1102 845 1164 911 tur,
1177 835 1274 915 judex
1291 834 1453 898 attendere
1466 839 1502 895 et
1517 831 1669 910 supplere
1691 843 1757 892 uon
1774 834 1888 905 potest.

1101 938 1348 1015 Excipiunturr
1382 941 1411 1000 l.
1444 937 1595 1012 Exceptio
1625 927 1890 996 excommunica·

1102 1036 1211 1100 tionis.
1230 1071 1267 1082 -
1283 1038 1314 1099 2.
1331 1036 1452 1100 Omnes
1477 1035 1542 1098 ittae
1568 1032 1790 1108 exceptiones,
1822 1046 1890 1108 qun

1101 1137 1173 1214 ipso
1191 1137 1265 1216 iure
1297 1135 1420 1198 elidunt
1451 1134 1629 1208 actionem
1657 1127 1833 1200 basanim,
1864 1127 1888 1189 si

1101 1236 1233 1300 exactis
1261 1236 1393 1298 notorie
1421 1234 1498 1307 sint,
1521 1231 1647 1297 etiamsi
1672 1235 1797 1310 aparte
1826 1243 1887 1292 non

1099 1343 1321 1414 opponuntur,
1345 1335 1446 1414 judex
1472 1331 1694 1412 injudicando
1723 1327 1890 1396 attendere

1102 1434 1209 1497 debet.

1138 1532 1196 1595 tlt.
1225 1531 1330 1596 Hodie
1358 1529 1563 1608 exceptiones
1592 1526 1728 1607 proponi
1755 1531 1889 1604 possunt

1101 1631 1351 1710 quibuscunque
1375 1631 1494 1703 rerbiS,
1521 1629 1652 1708 scripto,
1686 1627 1733 1690 ael
1766 1627 1890 1704 absque

1100 1729 1314 1808 scriptorius
1332 1745 1420 1802 voce,
1437 1729 1582 1791 modoad
1600 1736 1668 1789 acta
1687 1724 1889 1804 redigantur3

1101 1830 1164 1892 nisi
1194 1830 1344 1910 ‚exceptio
1364 1838 1633 1910 proponatorper
1674 1825 1808 1891 modum
1839 1840 1890 1886 ac·

1097 1921 1889 2009 ,tionisquocasurectiusproponiturinscriptis.

1140 2025 1213 2089 xtl.
1243 2027 1372 2090 Probari
1402 2043 1422 2092 a
1448 2045 1508 2092 ,rea
1535 2025 1741 2104 exceptiones
1775 2023 1891 2084 debent

1101 2127 1197 2205 plene
1221 2135 1251 2189 et
1276 2126 1425 2205 perlecta,
1448 2126 1480 2191 in
1501 2143 1559 2187 sua
1580 2124 1687 2204 specie
1713 2135 1745 2186 ec
1771 2119 1890 2195 lorma;

1100 2228 1179 2292 alias
1195 2229 1343 2291 ellectum
1362 2243 1457 2290 suum
1472 2243 1536 2290 nort
1549 2231 1805 2304 consequentur,
1832 2237 1890 2284 ne-

1102 2345 1166 2406 que
1183 2325 1318 2397 elidunt,
1342 2325 1390 2386 rel
1407 2326 1558 2388 differunt
1576 2323 1750 2396 actionem,
1766 2337 1825 2384 seu
1844 2319 1892 2381 in·

1104 2425 1280 2490 tentionem
1294 2425 1424 2487 actoris.

1139 2522 1280 2596 Quodsi
1303 2539 1378 2586 reus
1405 2523 1438 2583 in
1465 2520 1652 2602 probatione
1680 2514 1882 2596 exceptionis

1098 2624 1265 2697 deiecerit,
1291 2641 1355 2687 non
1384 2624 1607 2704 idcircaactor
1635 2618 1811 2692 obtinebit,
1835 2619 1892 2680 sed

1104 2725 1235 2803 probare
1252 2725 1461 2786 intentionem
1477 2739 1568 2785 snam
1591 2719 1733 2804 debebit,
1750 2725 1785 2782 ul
1809 2716 1894 2779 obti-

1103 2830 1186 2886 neat.
1213 2823 1371 2890 ilatioest
1395 2823 1556 2904 quianon
1581 2839 1621 2884 ex
1656 2819 1703 2882 rei
1729 2817 1893 2894 exceptio-

1103 2921 1222 2996 nibus,
1257 2921 1314 2983 sed
1344 2938 1383 2990 ex
1400 2921 1516 2993 actoris
1539 2917 1787 2998 probationibus
1816 2913 1891 2976 lerri
2008 2917 2009 3002 f

1102 3020 1197 3082 debet
1223 3020 1382 3084 sententia
1412 3019 1443 3083 in
1473 3035 1570 3082 eausa
1610 3015 1794 3106 principali.
1825 3014 1891 3076 lllia
2008 3011 2009 3035 ¹

1103 3119 1893 3200 rideapud(Scuuetzaeintit.xxr,Dceaeccptto·

1101 3220 1218 3298 niden,
1233 3220 1256 3284 l.
1274 3237 1297 3280 ιι
1315 3220 1477 3300 liccratcl.)

1260 3343 1339 3417 stt.
1354 3373 1391 3388 -··
1411 3345 1449 3402 lle
1465 3343 1731 3416 proscriptionibus.

1142 3458 1188 3520 Da
1209 3459 1605 3537 proscriptionibusque
1624 3466 1700 3521 sunt
1715 3457 1813 3517 ollem
1837 3451 1892 3515 ali-

1103 3575 1175 3636 quea
1195 3557 1312 3635 legales
1328 3559 1545 3637 probationes,
1564 3564 1595 3620 el
1610 3557 1650 3619 da
1668 3553 1836 3634 requisitis
1851 3551 1886 3612 ad

1091 3657 1243 3736 legitime
1258 3659 1540 3738 praescribendum,
1560 3659 1634 3720 ride
1649 3655 1834 3720 canonistas
1857 3658 1886 3712 et

1103 3760 1269 3835 theologos
1284 3759 1473 3820 moralistas.

1416 3901 1530 3962 CAPUT
1551 3899 1586 3956 X.

1158 4010 1199 4066 Dc‘
1204 4013 1284 4072 acriis
1294 4027 1429 4082 processus
1440 4011 1586 4078 criminalia
1596 4011 1728 4068 ordinarii
1737 4011 1842 4082 [armis.

1146 4121 1508 4187 indiciiscrlminalibus
1524 4136 1666 4194 normnm
1684 4119 1891 4198 multiplicem

1105 4219 1185 4285 sacri
1202 4235 1339 4284 canones
1360 4235 1507 4285 sanxere.
1532 4220 1607 4283 Nam
1624 4219 1690 4285 dari
1705 4235 1891 4298 processura
2007 4199 2008 4226 ³

1105 4317 1324 4382 criminatores
1355 4318 1385 4382 1.
1408 4318 1467 4379 Per
1491 4318 1575 4380 viam
1599 4316 1817 4382 accusationis
1833 4335 1842 4390 ς
1857 4347 1892 4359 -

269 4429 376 4474 00030·
393 4443 432 4457 ···
456 4411 487 4472 2·
505 4408 735 4490 E¹⁰et1250¹¹esa
763 4426 835 4490 (11¹oe
862 4413 1053 4472 senientiam
1105 4418 1136 4479 2.
1155 4435 1210 4495 per
1226 4417 1308 4478 riam
1336 4415 1590 4480 denuntiationis
1602 4431 1611 4493 ;
1625 4446 1661 4462 ·-
1684 4417 1715 4480 3.
1733 4431 1791 4494 par
1813 4418 1890 4474 riam

272 4511 471 4588 rescindunt,
488 4515 524 4571 nt
537 4509 683 4589 exceptio
696 4509 910 4572 restitutionis
925 4511 956 4570 in
973 4510 1055 4572 inte·
1106 4514 1343 4594 inquisitionis,
1367 4522 1491 4591 constat
1517 4533 1559 4576 ex
1589 4513 1705 4576 celebri
1737 4513 1885 4574 decretali

270 4611 454 4690 grume-3.
464 4609 716 4689 Exceptiones...
727 4625 799 4692 qum
813 4609 1052 4672 exsecutionem
1106 4618 1249 4694 Qualiter
1260 4625 1286 4680 at
1301 4617 1424 4698 quando
1439 4617 1490 4692 bi,
1511 4618 1559 4682 ttt.
1576 4635 1598 4691 ι,
1613 4617 1668 4680 lib.
1691 4633 1714 4677 r
1725 4614 1868 4676 Decretal
1882 4635 1891 4682 ,·

269 4711 458 4792 000000Ῑο00-
1107 4749 1144 4761 -·
1165 4715 1195 4778 l.
1217 4733 1273 4795 per
1284 4717 1364 4783 atara
1382 4719 1580 4798 exceptionis
1594 4737 1634 4781 ex
1650 4733 1720 4795 cap.
1735 4714 1893 4796 Superbia

309 4810 508 4892 Regulariter
545 4816 650 4874 autem
687 4808 806 4889 opponi
846 4811 1054 4886 exceptiones
1107 4816 1157 4888 lli,
1178 4817 1225 4876 tit.
1241 4835 1264 4888 r,
1284 4814 1646 4890 tillemontii-tt.
1668 4817 1840 4878 Processere
1854 4829 1889 4874 er

271 4909 493 4991 peremptoriae
520 4916 667 5006 possedi,
696 4909 889 4972 eldebenlt
911 4917 1054 4988 tempore
1107 4916 1247 4990 notorio,
1271 4915 1304 4978 in
1331 4916 1458 4980 casibus
1485 4915 1606 4981 notorii
1633 4913 1779 4980 criminis
1805 4911 1892 4976 adbi-

251 5083 254 5092 ,
270 5015 455 5077 coattestata
479 5008 546 5072 litis
566 5011 606 5080 ,td
635 5007 851 5088 ,senlenlltmt
883 5008 1052 5085 postillam
1108 5015 1245 5080 bericus.
1257 5049 1294 5060 -
1309 5017 1340 5078 6.
1357 5016 1528 5078 Processus
1542 5013 1738 5082 summarius
1753 5012 1787 5074 iu
1801 5009 1892 5074 certis

251 5101 336 5196 ’,000
362 5107 805 5186 rectooppoaantur,seoau
831 5108 1054 5206 appellationis
1108 5113 1354 5178 circumstantiis
1382 5132 1587 5194 percanones
1639 5113 1828 5198 permissas.
1853 5141 1890 5156 -
2006 5145 2007 5188 3

273 5208 463 5290 00000οἱ00]
496 5214 545 5280 est
587 5206 833 5285 0000000000),
859 5207 953 5278 Volci
979 5224 1057 5272 ¹001¹·
1106 5216 1137 5278 ’1.
1171 5216 1284 5285 Forma
1314 5216 1565 5296 extrajudieialis
1593 5217 1825 5276 sententiarum
1853 5226 1891 5272 ex
2006 5189 2007 5218 ¹

271 5313 439 5378 demontus
465 5309 505 5372 sit
536 5308 653 5385 minor,
679 5308 868 5394 postulando
894 5313 1054 5386 restitutio
1109 5314 1278 5377 inlormata
1303 5315 1500 5380 conscientia
1523 5314 1683 5392 usynodo
1707 5310 1890 5376 Tridentino

272 5409 792 5490 inintegrumadproponendam
818 5412 1054 5487 exceptionem.
1108 5413 1300 5477 introducta.
1328 5447 1366 5459 -
1394 5415 1425 5478 8.
1464 5415 1636 5476 Processus
1667 5406 1888 5492 inquisitionis

310 5509 368 5572 lx.
400 5510 505 5588 lrrdex
536 5515 657 5592 potest,
690 5514 721 5572 et
756 5509 929 5588 aliquando
959 5513 1054 5575 etiam
1109 5531 1148 5577 ex
1163 5521 1274 5578 saneto
1290 5512 1394 5577 officia
1409 5529 1466 5576 seo
1479 5511 1776 5588 coutrabmretieem
1790 5507 1890 5589 preri-

273 5609 368 5672 debet
382 5609 432 5708 bis
447 5607 693 5688 exceptionibus
702 5597 902 5688 opponendis
915 5615 1054 5674 statuere
1108 5618 1216 5688 latero,
1235 5614 1290 5701 qni
1316 5611 1469 5688 omnibns
1502 5612 1540 5674 ad
1565 5610 1711 5684 baeresim
1731 5609 1889 5691 pertinen·

272 5707 413 5788 aliquem
434 5709 659 5784 terminum‚et
672 5707 714 5774 ita
732 5709 875 5804 quidem,
893 5708 965 5772 atsi
985 5716 1054 5790 past
1109 5716 1196 5777 tibus
1214 5713 1384 5794 peculiaris
1400 5721 1459 5779 est.

273 5823 385 5890 epsum
411 5807 595 5889 hujusmodi
620 5806 746 5872 tormini
773 5825 935 5892 opponere
951 5827 1043 5878 exce·

1150 5814 1197 5875 Ex
1223 5812 1273 5876 lris
1302 5827 1396 5892 porro
1421 5816 1559 5892 quatuor
1574 5808 1697 5888 priores
1721 5806 1781 5872 sub
1809 5797 1889 5868 ordi·
2005 5865 2006 5874 ,
