4042 6458
226 401 281 472 tut
729 404 841 466 tuuis
858 404 1038 468 CANONICI
1054 403 1316 469 concanbium.
1811 405 1865 472 tat

226 521 349 602 prietes
369 521 457 584 enim
474 525 523 586 est
542 519 762 584 necessarium
787 519 920 586 familiae
942 540 1020 600 sup-
1073 521 1109 585 in
1124 519 1275 586 subditos
1286 520 1404 604 agitur,
1421 519 1499 603 quia
1510 537 1567 584 ror
1582 517 1727 585 dominii
1734 523 1864 602 proprio

227 623 428 702 pedaneum,
463 629 496 685 et
532 621 626 700 quasi
666 621 785 696 nidus,
821 639 918 703 quern
948 623 1019 685 coeli
1071 639 1136 688 non
1156 621 1386 704 significatius
1407 621 1551 703 regendi,
1575 629 1607 686 et
1634 625 1867 702 conservandi,

226 725 337 788 arium
360 722 493 788 familiis
517 736 580 786 non
607 723 771 786 recusarit
793 723 1022 799 Providentia;
1071 724 1128 788 sed
1149 723 1183 787 id
1203 724 1290 805 quod
1314 723 1437 789 directo
1456 725 1652 788 contrarium
1677 731 1741 799 est,
1767 725 1864 788 nimi-

227 834 276 888 est
294 826 391 890 etiam
417 823 583 889 nationum
609 823 741 887 visibile
758 823 1018 899 fundamentum,
1071 841 1143 888 rum
1171 831 1362 904 potestatem
1384 825 1612 903 consumendi,
1644 825 1814 901 abutendi,
1832 835 1865 888 et

227 928 261 990 in
289 943 356 1007 quo
382 933 443 988 stat
466 942 574 988 aarum
599 940 671 987 vera
698 924 851 1003 potentia.
875 924 1018 1010 Libertas
1070 939 1129 1006 pro
1148 925 1243 988 libitu
1262 925 1302 989 de
1318 943 1352 990 re
1372 925 1582 1006 disponendi.
1602 951 1616 984 r
1633 928 1761 990 Rursus
1777 929 1866 991 idem

227 1044 440 1108 personarum
464 1035 495 1090 et
516 1027 711 1090 familiarum
736 1026 831 1089 habet
855 1025 889 1088 in
914 1018 1048 1090 arcem*
1070 1025 1200 1090 dissert.
1228 1042 1360 1107 prooem.
1378 1025 1417 1089 ad
1446 1026 1555 1090 eumd.
1578 1026 1667 1089 Grot.
1695 1027 1745 1101 fa,
1763 1029 1863 1105 5237.

228 1136 262 1194 at
275 1130 427 1208 clypeum
443 1128 682 1206 proprietatem,
706 1125 822 1206 inqua
848 1143 922 1189 sese
943 1142 1020 1189 con·
1071 1150 1086 1185 a
1108 1127 1284 1208 imperium
1301 1135 1349 1192 est
1373 1134 1511 1209 potestus
1528 1129 1665 1208 'proprio
1687 1128 1763 1210 J'ure
1780 1147 1866 1194 conr-

226 1230 321 1312 fugit,
349 1239 379 1293 et
399 1228 624 1292 defensionem
648 1228 832 1292 securitatis
856 1237 1020 1310 perpetua
1069 1236 1183 1310 petens
1202 1231 1242 1294 ad
1261 1229 1382 1294 tuenda
1403 1229 1477 1311 jnra
1494 1231 1646 1294 civitatis.
1672 1231 1863 1295 Dominium

226 1331 365 1393 invenit.
394 1330 469 1392 Sive
496 1333 537 1390 sit
565 1327 791 1406 territorialis,
818 1329 887 1393 sire
922 1329 1020 1393 indu·
1070 1339 1119 1394 est
1141 1331 1274 1395 facultas
1303 1331 1436 1395 domino
1462 1332 1733 1414 competcuslde'
1750 1351 1786 1396 re
1807 1350 1869 1396 sua

225 1431 358 1506 strialis,
386 1430 564 1511 proprietas
589 1435 638 1492 est
669 1428 709 1492 de
732 1445 791 1493 sua
811 1438 924 1494 natura
948 1447 1020 1509 per·
1069 1448 1128 1510 pro
1148 1431 1244 1494 libitu
1269 1432 1478 1513 disponendi.
1497 1435 1547 1496 Ex
1565 1433 1639 1514 Jure
1658 1432 1789 1513 imperii
1808 1433 1868 1514 igi·

225 1532 347 1598 sonalis
372 1538 403 1594 et
433 1549 453 1594 a
481 1531 624 1612 patribus
648 1531 687 1593 ad
712 1529 794 1594 tilios
823 1530 1021 1594 transmissi·
1068 1531 1251 1595 tursaltem
1267 1531 1402 1596 facultas
1417 1531 1523 1596 oritur
1538 1531 1663 1608 tuendi,
1679 1539 1864 1596 etconser·

226 1633 317 1708 bilis,
348 1639 384 1696 ut
420 1630 586 1711 probatum
613 1638 674 1694 ast.
701 1631 907 1712 Proindeque
939 1631 1018 1695 satis
1069 1633 1167 1696 randi
1191 1649 1358 1714 personas,
1385 1640 1416 1697 et
1446 1651 1496 1698 res
1524 1633 1662 1714 imperio
1690 1632 1867 1715 subjectas.

227 1736 434 1802 manifestum
456 1735 606 1818 estquod
629 1745 824 1816 protensum
847 1739 947 1801 altu·
962 1739 1020 1802 do-
1069 1737 1117 1798 Ex
1134 1734 1281 1798 dominio
1296 1741 1404 1798 autam
1430 1735 1581 1816 sequitur
1603 1734 1739 1799 facultas
1767 1733 1864 1798 etiam

227 1838 366 1902 minium
391 1846 492 1902 status
508 1855 565 1902 seu
590 1837 746 1918 principis
765 1837 801 1900 in
817 1837 1018 1918 privatorum
1069 1829 1228 1915 perdendi
1241 1853 1306 1900 res.
1325 1857 1340 1896 a
1359 1835 1672 1914 latiniacensem,
1690 1854 1725 1899 n.
1739 1835 1760 1898 2
1775 1844 1809 1899 et
1824 1835 1864 1896 3:

226 1939 425 2020 proprietate
456 1940 498 2002 sit
527 1955 662 2002 erronea
689 1939 836 2003 moderni
863 1938 1017 2020 temporis
1070 1929 1300 2012 rbominium,
1340 1937 1427 2018 quod
1457 1936 1562 2000 uocari
1588 1937 1671 2000 solet
1702 1935 1866 2009 eminens,

226 2041 387 2113 inventio,
408 2057 471 2122 qua
489 2039 594 2122 logica
610 2041 740 2104 ducitur
754 2039 792 2104 ad
809 2046 927 2103 statum
944 2039 1018 2102 uni·
1069 2041 1118 2100 est
1137 2053 1213 2102 reru
1237 2054 1309 2118 pars
1335 2054 1473 2101 summm
1496 2037 1674 2115 potestatis,
1697 2033 1777 2117 quia
1806 2035 1866 2098 do·

227 2160 300 2207 rum
320 2143 581 2224 proprietarium,
604 2150 636 2206 ct
659 2149 1017 2225 consequenterrerum
1069 2144 1176 2202 ctores
1211 2155 1291 2202 voce
1324 2137 1381 2202 illa
1412 2137 1494 2201 nibil
1525 2139 1614 2202 atiud
1648 2138 1867 2218 intelligunt,

119 2243 122 2250 '
226 2252 259 2307 et
274 2261 484 2324 personarum
507 2244 663 2308 arbitrum
684 2244 884 2321 absolutum,
907 2251 1019 2309 contra
1068 2257 1166 2323 quam
1204 2239 1356 2304 effectum
1395 2237 1530 2320 imperii
1569 2239 1602 2302 ri
1637 2238 1734 2320 cuius
1776 2237 1866 2318 prin-

225 2345 386 2411 libertatis
411 2345 561 2410 bumana
586 2346 713 2424 dogma.
737 2344 798 2408 liic
817 2360 908 2409 error
933 2343 1015 2410 nibil
1072 2357 1149 2422 ceps
1176 2341 1251 2423 Jura
1282 2339 1423 2404 subditis
1439 2339 1585 2422 {quesita
1618 2339 1667 2404 rel
1702 2337 1744 2403 ob
1771 2338 1864 2402 utili-

225 2447 313 2512 afiud
330 2455 379 2511 est
401 2463 497 2528 quam
513 2445 713 2509 socialirmur
725 2461 785 2508 seu
801 2443 932 2510 violatio
949 2461 1018 2510 orn-
1069 2449 1164 2507 tatem
1190 2439 1366 2524 publicam,
1390 2441 1443 2505 ref
1467 2443 1501 2506 iu
1521 2457 1645 2522 poenam
1660 2439 1791 2505 auferre
1807 2456 1866 2521 po·

224 2546 317 2612 nium
337 2545 461 2627 jurium
488 2543 684 2609 naturalium
711 2551 774 2606 tam
803 2561 1016 2624 personarum
1067 2542 1407 2626 test.1tegariramen
1439 2541 1553 2623 necprit
1581 2559 1693 2607 rocem
1722 2539 1864 2605 dominii

224 2664 324 2730 quam
336 2646 530 2710 familiarum
552 2647 585 2709 in
600 2645 787 2708 servitutem
802 2644 1015 2709 redacturum.
1068 2645 1246 2726 improprie
1269 2645 1443 2709 admodum
1468 2643 1522 2708 bic
1540 2643 1704 2726 usurpari,
1721 2643 1800 2724 quia
1823 2661 1866 2706 ex

224 2749 401 2831 Imperium
418 2766 477 2811 seu
488 2745 646 2828 principis
660 2745 876 2826 jurisdictioa
891 2745 1015 2822 Grotio,
1067 2762 1126 2810 sua
1138 2753 1252 2810 natura
1268 2743 1453 2809 facultatem
1469 2743 1623 2808 abutendi
1639 2743 1756 2820 infert,
1767 2744 1865 2808 adeo-

224 2853 313 2918 lib.r
338 2853 384 2914 Dc
399 2851 470 2931 jar.
496 2847 567 2913 bell.
592 2858 622 2912 ct
642 2865 716 2930 pac.
741 2865 811 2926 cap.
836 2848 866 2919 1,
891 2849 905 2923 5
930 2848 967 2920 63
985 2854 1016 2908 et
1068 2863 1132 2926 que
1159 2844 1342 2910 consultius
1368 2850 1416 2908 est
1444 2860 1524 2909 rece
1553 2845 1610 2909 illa
1629 2845 1807 2921 abstinere,
1829 2861 1864 2908 ac

224 2955 343 3031 fibrrr,
370 2971 439 3034 cap.
464 2953 516 3025 20,
543 2955 558 3030 ς
583 2953 615 3029 t,
642 2951 789 3013 omnium
810 2950 914 3030 primo
934 2949 1017 3012 emi·
1063 2948 1121 3029 jus
1146 2947 1229 3011 illud
1250 2947 1390 3028 principi
1416 2963 1561 3011 asserere
1581 2963 1646 3011 non
1673 2947 1704 3010 ri
1729 2947 1865 3012 dominii

224 3071 392 3131 noussen
414 3053 514 3118 altum
537 3049 719 3114 dominium
743 3049 934 3130 appellatur,
958 3048 1017 3111 sed
1067 3049 1253 3126 eminentis,
1271 3051 1329 3114 sed
1354 3050 1385 3113 ri
1413 3049 1541 3129 imperii
1573 3049 1728 3131 legitimi,
1749 3067 1808 3113 seu
1829 3049 1863 3113 ri

226 3156 340 3220 merito
363 3153 613 3234 reprehenditur
637 3167 654 3214 a
675 3149 803 3214 Samuel
827 3149 965 3232 (laccejo
981 3149 1014 3212 in
1068 3150 1287 3232 planitudinis
1302 3153 1482 3232 potestatis.
1501 3152 1595 3216 Nulla
1614 3159 1724 3216 autam
1738 3152 1863 3216 ratione

225 3257 404 3320 Commeat.
430 3253 469 3317 ad
486 3252 637 3316 eumdem
652 3251 740 3314 Grot.
754 3248 811 3314 lib.
825 3268 848 3326 r,
861 3267 891 3313 c.
908 3250 938 3325 1,
955 3252 1014 3326 tii,
1068 3260 1250 3316 monstrum
1276 3251 1371 3329 illud,
1393 3253 1426 3317 ri
1449 3253 1544 3335 cujus
1566 3253 1707 3335 principi
1725 3253 1864 3335 permis-

226 3374 341 3422 rerum
359 3353 656 3437 nequebocsensu
674 3357 760 3416 recta
776 3351 897 3415 dicitur
912 3351 1017 3416 domi·
1067 3371 1140 3418 sum
1163 3372 1235 3418 esse
1261 3355 1352 3418 aiunt
1375 3355 1449 3438 jura
1472 3355 1614 3420 subditis
1644 3355 1781 3436 quesita
1806 3370 1864 3435 pro

223 3459 317 3524 nium
340 3455 592 3540 jurisdictionis,
618 3471 678 3518 seu
704 3453 849 3534 imperii.
872 3455 1015 3534 imperio
1067 3453 1169 3518 libitu
1190 3453 1319 3530 tollere,
1346 3455 1386 3518 ad
1413 3454 1575 3537 objectum
1595 3454 1728 3534 imperii
1749 3452 1862 3519 referri

224 3561 313 3625 eninr
326 3557 439 3622 utendi
455 3557 489 3620 in
505 3561 611 3619 nostra
623 3561 782 3636 potestate
796 3571 862 3618 non
874 3561 933 3629 est,
949 3555 1014 3618 nisi
1069 3565 1173 3636 potest
1197 3577 1206 3617 ε
1235 3563 1356 3636 pugnat
1376 3557 1463 3620 anim
1486 3557 1553 3622 buc
1577 3557 1692 3636 opinio
1715 3573 1790 3621 eum
1806 3572 1859 3621 es·

224 3667 388 3744 quatenus
413 3658 447 3722 id
469 3657 591 3722 bonum
617 3655 784 3737 publicum
815 3657 1012 3738 expostulet.
1067 3657 1171 3720 sentia
1202 3672 1338 3720 summm
1373 3657 1560 3736 potestatis,
1590 3675 1666 3739 quae
1697 3659 1796 3722 unice
1827 3657 1862 3722 in

223 3762 456 3844 Unusquisque
488 3765 594 3840 potest
627 3759 797 3842 proprium
830 3759 1014 3823 dominium
1066 3755 1281 3836 tuendojme
1301 3757 1566 3840 consimilium
1590 3759 1686 3822 etiam
1710 3759 1862 3823 wolfius.

223 3862 393 3942 dissipare,
413 3877 528 3940 resque
545 3857 690 3936 perdere.
1065 3857 1297 3937 torpentium,
1325 3861 1340 3934 t
1363 3857 1435 3932 329,
1457 3857 1490 3920 in
1513 3866 1581 3921 not.
1603 3861 1689 3940 apud
1714 3861 1860 3924 Fannia.

265 3961 416 4040 Princeps
438 3957 1015 4039 verqticetattodominiopertrui·
1069 3957 1155 4020 rerb.
1182 3958 1380 4035 Domiairrm,
1408 3964 1467 4022 art.
1506 3959 1535 4024 1.
1566 3959 1678 4023 Addit.
1712 3977 1753 4024 ex
1783 3960 1860 4024 adit.

224 4067 279 4121 tur
295 4074 395 4138 super
410 4055 607 4135 privatorum
619 4053 726 4131 bonis,
743 4055 800 4120 ilfa
815 4059 927 4138 nequit
944 4057 1013 4121 dis·
1065 4056 1192 4122 Bariref.
1213 4075 1246 4120 n.
1265 4055 1329 4139 bi.)
1423 4059 1426 4064 '

224 4156 448 4232 trabere,nisi
473 4155 507 4218 in
530 4161 673 4218 extrema
697 4155 1014 4235 ratpobticanecas·
1105 4157 1287 4238 Proprietas
1324 4165 1373 4222 est
1407 4159 1465 4241 jus
1497 4165 1645 4226 naturae
1685 4162 1862 4244 quoddam,

224 4259 331 4332 sitate,
348 4275 388 4321 ex
412 4275 476 4340 qua
502 4256 571 4322 sola
588 4255 724 4320 limitata
747 4255 886 4338 imperio
901 4261 1014 4324 utendi
1067 4259 1304 4340 promulgatum
1320 4261 1449 4325 etfama
1474 4260 1545 4344 lege
1567 4261 1678 4327 divina
1701 4265 1860 4340 revolatu

224 4359 375 4423 facultate
390 4354 560 4420 manifesta
580 4354 686 4436 ipsius
701 4373 774 4420 cum
794 4357 942 4423 dominio
966 4379 1015 4424 re·
1066 4361 1127 4426 boc
1145 4361 1270 4443 duplici
1297 4361 1395 4426 titulo
1418 4363 1517 4444 hujus
1544 4363 1647 4430 officia
1667 4374 1699 4429 et
1712 4367 1789 4446 jura
1804 4367 1855 4430 in·

223 4459 321 4523 saltat
361 4455 585 4538 repugnantia.
628 4457 713 4539 (fiet.
758 4472 863 4521 corum
898 4461 1012 4524 Tanar.
1065 4462 1235 4543 terpretari
1276 4463 1315 4526 ad
1353 4462 1530 4526 Ecclesiam
1566 4467 1717 4545 pertinet.
1763 4468 1859 4549 Atqui

223 4560 324 4626 decis.
344 4561 395 4635 57,
419 4577 451 4623 n.
474 4557 538 4640 bi.)
565 4559 644 4622 Cum
661 4559 769 4640 itaque
790 4566 913 4624 tantum
929 4563 1015 4627 inter
1066 4577 1180 4625 omnes
1205 4563 1359 4627 Ecclesia
1383 4563 1487 4644 leges,
1512 4564 1766 4630 omniadecreta
1789 4584 1859 4649 pro-

222 4661 322 4724 ellum
342 4658 538 4733 dominium,
560 4665 592 4720 ct
615 4657 797 4723 dominium
816 4661 1013 4739 privatorum
1067 4664 1235 4745 prietatem
1266 4663 1385 4728 babent
1414 4673 1447 4730 et
1475 4676 1680 4750 propugnant
1709 4677 1858 4752 tanquam

222 4758 599 4835 intercedatdiscrimen,
613 4759 733 4823 rectius
747 4762 902 4841 appellari
919 4765 1015 4828 debet
1066 4763 1285 4844 personalem,
1312 4765 1382 4828 sire
1405 4765 1444 4828 ad
1471 4765 1696 4843 indiuiduam,
1724 4769 1795 4832 sire
1818 4769 1856 4832 ad

221 4857 398 4942 imperium
415 4858 499 4923 iliud
520 4860 608 4940 quod
625 4867 739 4940 gentes
755 4861 854 4926 altum
870 4864 904 4927 in
921 4865 1013 4945 prin·
1066 4861 1240 4942 collegium
1266 4863 1440 4942 pertineat,
1467 4880 1540 4929 curn
1562 4865 1599 4929 iu
1627 4883 1704 4930 casu
1728 4867 1856 4950 collegii

222 4961 314 5042 cipes
346 4958 556 5024 contulerunt
580 4959 620 5023 ad
646 4960 831 5025 unirersanr
860 4965 1012 5029 tuendam
1066 4961 1272 5043 proprietarii
1295 4962 1437 5027 Ecclesia
1458 4964 1572 5028 doceat
1587 4975 1619 5029 et
1637 4975 1791 5048 agnoscat
1801 4968 1854 5049 J'us

222 5060 469 5143 rempublicam.
493 5062 540 5123 lta
566 5059 732 5142 Cocceius,
756 5061 815 5125 foc.
843 5062 897 5126 cit.
924 5063 1012 5130 verb.
1066 5063 1272 5146 proprietatis
1283 5063 1316 5129 in
1336 5080 1539 5147 unoquoque
1563 5067 1749 5145 individuo,
1764 5069 1857 5134 itaut

221 5165 330 5248 Major
355 5171 400 5224 est
420 5160 637 5225 dominium«
665 5163 732 5225 imo
748 5179 811 5225 nnn
832 5165 935 5245 majus
953 5176 1012 5245 est,
1064 5163 1201 5228 ultimus
1220 5163 1434 5242 superrirens
1460 5164 1598 5253 alicuius
1625 5167 1756 5250 collegii
1773 5169 1807 5232 in
1823 5185 1855 5233 se

222 5266 279 5330 sed
304 5261 440 5328 alferius
463 5262 593 5344 generis
616 5255 624 5324 ε’
649 5279 722 5326 nam
747 5265 835 5345 quod
863 5266 1013 5348 princeps
1065 5272 1207 5328 assumat
1225 5262 1334 5328 omnia
1362 5263 1543 5346 collegialia
1558 5267 1643 5349 jura.

221 5363 370 5430 dominio
398 5363 595 5444 privatorum
627 5365 781 5446 derogare
815 5367 935 5444 possit,
965 5377 1014 5432 est
1104 5363 1250 5430 Ecclesia
1274 5382 1347 5430 cum
1373 5367 1470 5431 ctiam
1498 5368 1626 5450 jurium
1651 5377 1722 5436 tum
1747 5389 1854 5439 rerum

222 5482 428 5547 consequens
455 5464 538 5545 juris
562 5465 674 5528 tuendi
698 5465 949 5546 rempublicam,
974 5469 1014 5533 ad
1065 5467 1295 5549 proprietatem
1324 5475 1435 5536 tuetur
1463 5493 1470 5532 ε
1497 5470 1589 5535 nulla
1610 5471 1671 5560 alia
1695 5473 1855 5557 legislatio

222 5568 317 5646 cujus
333 5565 613 5632 conservationem
639 5565 780 5647 quilibet
804 5567 845 5632 de
868 5585 930 5634 suo
953 5571 1015 5634 tri·
1065 5569 1214 5649 personis
1237 5574 1270 5632 et
1297 5585 1408 5633 earum
1430 5569 1559 5651 juribus
1580 5573 1736 5655 majorem
1763 5591 1853 5640 rore·

221 5665 324 5730 buere
350 5672 489 5734 tenatur.
515 5667 739 5746 Repetendum
765 5667 818 5731 bic
850 5676 899 5734 est
925 5671 1012 5754 quod
1065 5671 1203 5733 rentiam
1220 5669 1322 5750 magis
1341 5669 1514 5735 salutarem
1532 5676 1766 5754 protectionem
1780 5693 1855 5741 cou-

222 5772 316 5829 antea
348 5767 557 5840 monuimus,
588 5768 688 5830 tutius
722 5776 771 5830 est
805 5768 967 5834 abstinere
995 5789 1013 5836 a
1064 5771 1125 5836 fert
1141 5787 1238 5854 quam
1254 5773 1470 5838 ecclesiastica
1486 5775 1658 5856 legislatio.
1684 5780 1784 5843 nocet
1798 5781 1852 5842 lic·

224 5885 300 5932 rore
326 5865 476 5945 dominii,
501 5867 558 5931 ubi
588 5869 628 5932 de
658 5867 788 5949 juribus
827 5869 1008 5951 principum
1067 5871 1163 5937 etesia
1206 5871 1441 5954 restitutionem
1478 5872 1602 5956 jurium
1641 5877 1848 5964 violatorum,
