4004 6458
260 447 314 514 tlt

260 556 446 641 huiusmodi
468 552 695 618 exsecutiones
723 544 936 629 expediende
959 555 1048 606 com·

262 661 445 724 mittuntur.
463 679 478 712 s
914 711 918 720 ¹

301 763 346 823 tte
364 758 484 840 qulbus
507 753 633 836 aliquid
654 748 772 832 exponi
792 763 923 812 necesse
940 749 1001 820 est,
1020 749 1051 806 et

263 859 368 940 primo
383 845 424 922 de
436 855 616 938 judicibus.

325 1027 342 1101 t
363 1025 397 1083 ll.
415 1055 450 1066 -
466 1023 505 1080 lle
521 1019 663 1094 judicibus
686 1013 880 1073 ecclesiasticis
896 1009 990 1067 variis.

303 1149 433 1225 ludices
451 1151 661 1220 ecclesiastici
677 1150 710 1212 in
740 1148 842 1212 serim
863 1143 991 1226 species
1005 1141 1056 1204 di·

265 1261 388 1343 stingui
400 1263 557 1340 possuntc
909 1242 912 1246 ’

306 1366 331 1427 t.
353 1360 486 1426 ludices
515 1355 639 1438 dejure
668 1350 786 1426 diesne,
812 1355 842 1410 et
862 1345 990 1428 jndices
1017 1361 1056 1404 ss

259 1459 568 1546 jureccclesicrtlce.
586 1456 763 1534 supremus
780 1449 812 1510 iu
831 1448 983 1511 universe
999 1445 1057 1506 Ec-

267 1565 365 1629 clests
376 1561 490 1642 judex,
510 1557 550 1621 ab
574 1557 648 1634 ipso
667 1551 794 1617 Christo
815 1549 985 1610 institutus
1010 1553 1084 1607 esta

267 1661 433 1728 Romanus
459 1657 621 1742 [coptiten
638 1655 791 1732 ideoque,
815 1659 850 1711 ut
874 1657 922 1710 est
944 1647 1059 1710 defini·

268 1774 338 1827 tum
362 1759 542 1825 aconciliis
558 1753 778 1824 oecumenicis,
795 1749 834 1812 ed
854 1763 965 1828 pepem
987 1764 1060 1826 per*

269 1865 350 1928 tinet
374 1877 486 1924 omnes
506 1866 537 1920 et
561 1854 671 1918 omnia
691 1853 724 1914 in
745 1850 889 1913 Ecclesia
905 1853 1059 1928 potestate

269 1963 432 2028 ordiueria
447 1961 612 2042 judicere3
637 1955 675 2018 ad
695 1969 769 2017 eum
784 1949 940 2031 eppelleri
958 1954 1061 2030 potest

270 2080 311 2126 ex
335 2068 402 2124 toto
425 2058 521 2132 orbe;
547 2053 603 2118 sed
624 2070 639 2114 e
662 2051 834 2114 sententiis
853 2047 924 2129 ejus
948 2047 1063 2127 nequit

270 2157 448 2241 appellari,
479 2153 642 2236 siquidem
663 2149 825 2232 judicium
854 2149 924 2227 ejus
948 2160 1061 2208 omnes

271 2273 384 2321 causes
396 2253 507 2320 definit
527 2260 558 2314 et
573 2249 734 2313 terminat.
747 2248 916 2326 Nemoque
929 2243 962 2306 in
979 2251 1063 2306 terre

272 2361 377 2438 potest
400 2351 571 2418 reformare
593 2347 719 2431 judicie
742 2345 862 2410 summi
889 2343 1050 2408 pontificis

273 2457 337 2521 nisi
354 2457 492 2537 ipsemet
508 2454 665 2536 pontifex.

312 2555 392 2619 item
420 2552 495 2636 j'ure
524 2552 637 2616 divino
659 2549 787 2631 judices
809 2556 885 2612 sunt
907 2546 1064 2628 episcopi,

274 2657 437 2738 quatenus
464 2650 678 2733 collegialiter
700 2667 773 2713 cum
798 2647 901 2729 cupite
926 2665 987 2712 suo
1005 2651 1067 2710 lto-

192 2755 197 2764 '
275 2759 371 2821 mano
406 2754 557 2836 pontifice
591 2751 739 2834 'sumpti;
772 2759 807 2814 ut
838 2749 917 2814 olibi
949 2747 1064 2829 probu-

276 2860 382 2921 rimus

317 2961 430 3022 Utrum
455 2969 531 3018 vere
554 2953 757 3035 particularis
780 2953 877 3016 stiam
896 2949 1067 3032 indicendi

276 3068 431 3143 potestas,
460 3072 556 3139 quam
586 3054 726 3136 quisque
751 3051 981 3133 episcopusin
1010 3067 1067 3114 sua

276 3159 410 3226 dicecesi
426 3161 565 3230 exercet,
592 3155 705 3220 divino
718 3153 782 3235 juri
798 3153 999 3220 accensenda
1014 3151 1067 3227 sil,

278 3261 322 3324 ite
340 3265 376 3322 ut
390 3257 477 3321 itt-am
497 3255 682 3320 immediate
707 3271 725 3318 e
748 3253 875 3318 Christo
889 3252 1015 3333 habeat,
1038 3260 1069 3316 et

279 3375 344 3424 non
366 3356 522 3421 'tenturus
542 3371 634 3438 pepe,
650 3362 699 3420 est
714 3353 851 3436 questio
866 3352 1070 3434 aliquetenus

281 3457 387 3524 edlruc
412 3459 495 3539 apud
522 3457 669 3521 doctores
697 3463 914 3527 controversa,
937 3461 968 3518 et
987 3470 1069 3519 uon·

280 3560 357 3623 dum
391 3552 545 3639 'expresse
570 3555 713 3620 definite.
739 3553 826 3619 Alibi
857 3554 1066 3636 probavimus

281 3660 452 3741 episcopos
486 3673 599 3722 omnes
625 3673 702 3720 suas
731 3661 904 3736 potestates
933 3653 1071 3735 abipso

282 3757 408 3824 Christo
421 3769 477 3838 per
493 3760 728 3819 secrementum
742 3753 901 3833 accipere,
918 3751 974 3815 sed
988 3751 1070 3814 mis·

285 3861 410 3922 sionem
434 3855 649 3921 necessariam
664 3852 705 3917 ed
719 3859 892 3933 potestates
905 3839 1071 3932 explican-

284 3964 341 4026 das
361 3957 510 4041 ipsismet
521 3956 590 4020 dari
605 3973 624 4018 a
639 3952 786 4034 pontifice
802 3965 966 4032 supreme.
982 3953 1074 4018 Unde

284 4061 459 4127 dicendum
475 4065 524 4122 est
542 4057 630 4138 quod
652 4056 882 4138 unusquisque
904 4056 1074 4134 episeopus

282 4162 485 4246 judiciariam
507 4164 695 4250 potestatem
721 4157 815 4222 hebet
844 4158 1073 4222 immediatos

287 4262 426 4339 Christo,
451 4259 508 4324 sed
531 4259 645 4340 nequit
670 4258 818 4321 eamdem
840 4275 990 4338 exercere
1008 4259 1073 4321 nisi

215 4385 219 4400 .
286 4379 326 4426 ex
354 4349 637 4440 missione'quam
665 4356 853 4422 immediate
875 4374 893 4422 a
918 4357 988 4424 solo
1012 4361 1075 4422 lto·

286 4479 381 4528 mano
397 4460 546 4542 pontifice
561 4457 689 4539 accipit.

327 4563 440 4630 emtori
456 4575 544 4638 rero,
563 4566 679 4640 preter
699 4566 906 4632 memoratos,
919 4557 1073 4626 ecclesia·

288 4665 361 4729 stici
381 4660 526 4746 judices,
549 4659 685 4742 exjur'is
700 4658 845 4724 canonici
861 4659 1075 4741 dispositione

289 4761 430 4829 instituti
445 4759 600 4824 censendi
615 4766 704 4836 sunt,
728 4758 817 4841 quod
837 4770 928 4824 extra
945 4779 1074 4828 omnem

288 4861 540 4928 corrtrorersiam
556 4871 616 4923 est.

758 433 871 498 tunts
889 425 1071 494 CANONlCl
1090 417 1355 487 coterellorum.

1101 556 1201 601 verus
1213 537 1332 616 judex;
1355 533 1434 599 tales
1455 540 1532 596 sunt
1549 533 1699 595 domares
1713 548 1874 612 congrege·

1102 641 1207 703 tiones
1223 635 1446 711 cardinalium,
1460 635 1590 716 quando
1601 621 1798 714 judicialiter
1813 651 1878 712 pro·
1979 707 1980 734 ¹

1103 735 1234 808 cedunt,
1259 741 1291 796 et
1314 731 1444 815 judices
1467 747 1582 796 omnes
1602 731 1659 812 qui
1676 730 1784 810 plures
1799 733 1877 796 dele·
1979 747 1980 816 3

1104 840 1219 912 gantur
1237 839 1271 894 ut
1287 827 1498 911 collegieliter
1513 846 1625 892 causes
1637 827 1801 892 dirimunt.

1146 933 1204 996 lll.
1225 931 1475 1010 Distinguuntur
1494 930 1529 993 irs
1544 927 1727 992 ordinarios
1748 936 1779 990 et
1806 929 1880 993 dele·
1979 937 1980 970 l

1105 1043 1206 1114 potos.
1227 1029 1390 1097 ordinarii
1412 1031 1566 1094 dicuntur
1586 1029 1609 1092 ii
1630 1045 1745 1093 omnes
1763 1031 1819 1110 qui
1835 1048 1883 1112 pe
1979 1067 1980 1084 .

1107 1143 1251 1198 testatem
1264 1133 1430 1215 jndicandi
1445 1131 1609 1196 hebentex
1619 1131 1772 1214 jureeire
1783 1131 1885 1196 divino
1979 1181 1980 1218 r

1107 1237 1177 1298 sive
1192 1235 1410 1299 ecclesiastico
1426 1232 1552 1296 muneri
1568 1248 1628 1295 suo
1644 1247 1818 1308 annexam;
1833 1233 1882 1295 de·
1979 1221 1980 1232 ³

1109 1336 1215 1416 legati,
1233 1337 1289 1415 qui
1307 1352 1376 1399 eem
1392 1333 1555 1414 accipiunt
1569 1333 1608 1394 els
1623 1331 1769 1406 neruiue,
1788 1330 1817 1394 id
1833 1342 1886 1410 est,

1109 1455 1148 1500 ex
1168 1435 1301 1515 speciali
1326 1433 1475 1496 mandato
1503 1429 1661 1511 principis
1686 1430 1736 1492 rel
1765 1429 1886 1492 alterius

1110 1533 1291 1610 ordinerii,
1322 1533 1492 1614 detegendi
1524 1533 1707 1598 facultatem
1739 1532 1887 1595 trahentis.

1110 1633 1291 1699 Notandum
1307 1645 1413 1698 eutem
1431 1635 1619 1716 estjudices
1635 1633 1818 1696 ordinarios
1835 1635 1889 1696 du·

1113 1735 1205 1816 plicis
1231 1753 1303 1798 osse
1325 1737 1476 1815 generis;
1495 1743 1570 1797 sunl
1596 1733 1683 1796 enim
1708 1731 1766 1812 qrri
1791 1732 1889 1812 iteju·

1112 1835 1334 1900 risdictionem
1364 1836 1483 1900 hatrent
1503 1853 1521 1898 u
1543 1837 1617 1917 jure
1635 1852 1698 1898 suo
1718 1833 1821 1898 cilicio
1843 1853 1890 1898 eu·

1113 1955 1240 2014 nexem,
1256 1943 1291 2001 ut
1307 1955 1376 2001 eam
1391 1937 1466 2001 aliis
1481 1937 1629 2018 delegare
1645 1943 1782 2017 queent;
1798 1937 1892 2017 qualis

1114 2047 1174 2114 est,
1193 2060 1221 2103 r.
1242 2059 1289 2120 gr.
1307 2051 1454 2102 summus
1477 2038 1637 2119 pontifex,
1662 2035 1846 2118 episcopus,
1865 2047 1892 2102 et

1116 2135 1265 2219 praelatus
1291 2141 1382 2216 quasi
1404 2139 1621 2220 episcopalem
1642 2137 1893 2220 iurisdictionem

1115 2241 1237 2303 habens
1256 2264 1263 2303 :
1281 2248 1312 2304 et
1332 2250 1407 2304 sunt
1426 2242 1495 2322 qui,
1515 2239 1589 2303 licet
1606 2247 1795 2320 potestatem
1817 2241 1894 2322 judi·

1116 2340 1230 2405 cielem
1256 2343 1375 2422 pariter
1398 2361 1439 2405 ex
1463 2342 1496 2406 vi
1514 2340 1596 2421 legis
1617 2350 1706 2406 etex
1728 2339 1893 2406 ciliciolu-

1118 2443 1226 2518 beent,
1253 2461 1323 2509 eam
1347 2453 1452 2508 tamen
1476 2445 1625 2527 delegare
1654 2451 1822 2526 nequeunt
1840 2445 1896 2508 nisi

1118 2545 1297 2624 partialiter
1312 2555 1343 2610 et
1359 2563 1417 2628 pro
1432 2547 1529 2610 cerlis
1547 2545 1674 2611 cesibus
1684 2563 1694 2622 ;
1711 2565 1743 2610 v.
1763 2564 1809 2628 gr.
1822 2545 1894 2610 rica·

1118 2645 1186 2711 rius
1202 2647 1364 2724 generalis
1379 2647 1536 2728 episcopi.
1549 2650 1674 2711 Priores
1686 2647 1800 2711 stricto
1810 2663 1897 2710 sensu

1119 2747 1277 2826 ordinarii
1305 2755 1411 2811 sunt:
1441 2749 1638 2830 posteriores
1660 2749 1774 2812 minus
1800 2748 1898 2812 stricto

1120 2865 1236 2924 sensu;
1252 2849 1330 2930 quie
1344 2849 1421 2913 ideo
1432 2857 1555 2913 tentum
1570 2849 1729 2914 ordinarii
1747 2856 1898 2924 recenter,

1120 2957 1157 3013 ut
1184 2949 1383 3031 intelligatur
1408 2967 1464 3014 eos
1495 2951 1644 3032 deputari
1676 2953 1720 3015 ab
1745 2951 1815 3030 ipse
1839 2949 1898 3031 lege

1121 3046 1358 3124 ecclesiestica3
1377 3053 1416 3114 ed
1433 3050 1675 3116 distinctionem
1696 3051 1835 3116 eliorum
1851 3051 1898 3131 qui

1121 3149 1313 3232 delegentur
1339 3168 1396 3232 per
1413 3151 1554 3234 speciale
1583 3152 1773 3216 mandatum
1794 3169 1850 3215 seu
1866 3152 1900 3216 st

1123 3249 1254 3314 homine

1172 3355 1227 3416 tv.
1260 3353 1299 3417 ln
1338 3363 1546 3436 competenter
1587 3363 1620 3420 st
1658 3357 1898 3437 incompetente.

1125 3477 1140 3512 α
1160 3454 1355 3535 competens
1383 3458 1503 3523 dicitur
1519 3457 1621 3539 iudex
1646 3457 1783 3522 relativo
1798 3458 1833 3521 ed
1852 3457 1902 3519 eti·

1123 3570 1221 3632 quam
1254 3571 1383 3618 causam
1422 3557 1667 3633 deliniendam,
1700 3558 1832 3636 quande
1855 3555 1900 3618 ille

1124 3671 1221 3720 censa
1264 3655 1369 3737 ipsius
1408 3655 1634 3740 jurisdictioni
1673 3657 1839 3738 subjacet,
1875 3661 1902 3718 st

1125 3753 1260 3820 aliunde
1283 3773 1348 3820 non
1377 3757 1498 3821 adsunt
1528 3768 1624 3822 certos
1651 3757 1900 3830 circumstantie,

1125 3855 1160 3919 in
1182 3858 1302 3938 quibus
1313 3857 1474 3940 iudicese
1496 3857 1567 3940 lege
1586 3859 1808 3940 prohibentur
1822 3857 1902 3922 uelle

1127 3973 1221 4021 censa
1267 3957 1506 4040 (quantumvis
1544 3977 1659 4026 eorum
1690 3958 1901 4042 jurisdictioni

1126 4057 1286 4140 subjecta)
1317 4074 1510 4142 cognoscent
1538 4071 1571 4126 et
1607 4061 1830 4143 pronuntient
1861 4061 1904 4125 ltt·

1128 4168 1314 4238 competens
1330 4170 1379 4226 est
1393 4162 1509 4242 judex,
1520 4165 1656 4244 quando
1670 4164 1722 4227 rel
1744 4163 1847 4245 ipsius
1858 4162 1903 4242 jn·

1128 4260 1273 4324 risdictio
1289 4262 1328 4324 ad
1352 4277 1482 4326 causam
1504 4280 1577 4328 sese
1602 4280 1667 4328 neu
1692 4264 1850 4341 extendit,
1862 4261 1902 4328 rel

1127 4361 1301 4424 intervenit
1310 4359 1417 4442 aliqua
1432 4379 1472 4424 ex
1485 4363 1643 4442 prmdictis
1654 4363 1903 4436 circumstantiis,

1129 4461 1299 4542 inquibus
1320 4462 1392 4545 lege
1416 4472 1546 4528 cautum
1570 4473 1633 4542 est,
1659 4472 1695 4529 ut
1716 4464 1840 4530 nullius
1858 4477 1902 4530 tt·

1128 4561 1207 4624 loris
1225 4563 1266 4626 sit
1276 4562 1398 4642 judicis
1411 4562 1584 4628 sententia.
1603 4587 1621 4623 ι

1169 4666 1209 4728 V.
1232 4687 1247 4723 e
1270 4665 1308 4728 ln
1329 4663 1457 4743 judices
1484 4668 1617 4748 proprie
1634 4665 1741 4730 dictos
1755 4673 1788 4732 et
1812 4664 1845 4730 is
1859 4681 1903 4726 er·

1130 4765 1284 4828 steros.»

1170 4866 1223 4928 vt.
1254 4866 1414 4927 «lterum
1444 4865 1603 4948 distingui
1631 4873 1771 4948 possunt
1790 4865 1902 4948 iudices

329 4965 370 5028 ll.
394 4959 559 5042 Distingui
587 4966 724 5040 possunt
739 4959 773 5020 irs
788 4960 914 5041 judices
931 4962 1076 5042 stupetu-
1125 4967 1439 5049 jnxlaoeeonomigm
1455 4986 1519 5050 qua
1533 4967 1743 5048 reperiuntur
1757 4968 1792 5032 ig
1811 4964 1903 5030 necte·

288 5085 350 5136 ηε,
367 5061 529 5146 etjudices
540 5059 728 5122 collectivae.
748 5060 878 5124 iudices
893 5063 1077 5142 singulares
1131 5071 1181 5134 sia
1199 5072 1381 5147 constituti,
1397 5071 1503 5148 idest,
1518 5072 1611 5153 juxta
1627 5071 1735 5137 varios
1750 5065 1904 5152 potestatis

289 5169 332 5230 ita
341 5161 530 5247 iudicialem
543 5165 729 5240 potestatem
742 5161 967 5240 possidentes
977 5183 1079 5232 unus·
1127 5169 1295 5252 iudicialis
1311 5173 1429 5254 medus
1442 5171 1499 5254 qui
1514 5172 1596 5252 ipsis
1606 5180 1808 5254 competunt.
1822 5169 1904 5234 lttsic

291 5267 433 5346 cuisque
459 5263 550 5326 solus
574 5277 643 5325 cem
670 5278 820 5326 exercere
846 5262 958 5329 valeat.
979 5267 1076 5335 sicr.
1132 5274 1165 5334 1·
1184 5272 1325 5335 decurrit
1350 5289 1498 5338 summus
1523 5271 1672 5354 pontifex
1698 5271 1903 5338 universalem

292 5385 340 5448 gr.
361 5362 493 5448 judices
515 5365 591 5424 sunl
610 5377 760 5424 summus
782 5359 926 5441 pontifex
945 5365 1078 5432 relative
1132 5372 1400 5454 quoedmeteries
1415 5380 1446 5438 et
1461 5389 1629 5454 personas,
1643 5390 1703 5438 seu
1717 5371 1824 5452 qnoed
1841 5385 1905 5433 cau·

292 5465 332 5529 ed
356 5461 541 5526 unitetstffl
564 5457 759 5534 Ecclesiam»
795 5467 826 5523 tl
848 5461 988 5540 quilibet
1009 5465 1079 5547 epi·
1132 5471 1904 5556 saseeclesiasticasomnes,jurisdictionemjue

292 5580 410 5644 scopus
423 5563 456 5625 in
471 5577 530 5624 sua
545 5557 687 5623 dioecesi..
698 5559 714 5620 t
719 5558 828 5622 udices
842 5561 1002 5630 cotlecliri
1013 5583 1078 5632 uon
1134 5576 1248 5640 divino
1259 5575 1397 5652 habeus3
1412 5579 1446 5639 2·
1461 5576 1639 5657 patriarcha
1653 5591 1710 5656 pro
1724 5573 1830 5640 musis
1842 5585 1905 5653 que

292 5663 460 5750 possident
471 5659 662 5743 J'udicielem
676 5664 864 5740 potestatem
881 5664 928 5728 uti
943 5665 1078 5748 singuli,
1134 5677 1239 5757 ipsius
1261 5676 1465 5758 patriarchati
1485 5679 1634 5758 pompari
1655 5676 1806 5758 subjecto
1818 5679 1903 5746 sunu

292 5763 352 5826 sed
371 5767 531 5842 quatenus
545 5754 683 5832 collecti,
707 5773 765 5820 seu
790 5774 863 5824 cum
886 5760 959 5828 aliis
980 5765 1078 5832 simul
1133 5777 1164 5839 3·
1179 5775 1299 5856 primas
1319 5777 1396 5842 item
1416 5779 1524 5859 quoad
1539 5794 1652 5842 enum
1668 5771 1838 5860 primatiali
1851 5769 1901 5834 tri·

293 5863 487 5947 militnm,
510 5865 543 5926 ei
557 5856 693 5938 fi⁰i¹²d0
710 5856 819 5938 ipsum
834 5863 1010 5945 c⁰lletium
1030 5880 1079 5938 est
1133 5878 1454 5963 buuuliettriltutusc
1475 5879 1506 5941 t·
1522 5877 1802 5950 metronotiueus.
1820 5874 1851 5938 in
1864 5871 1901 5933 ὓ*
