4044 6458
98 407 145 470 tlt
302 401 399 465 PARS
419 401 452 464 V.
474 399 524 462 DE
543 398 721 462 supletis,
736 420 772 436 *¹
786 398 859 460 itti.
881 397 967 460 xttt.
986 397 1036 458 DE
1056 396 1246 460 ECCLESIAE
1266 395 1491 460 Perusinis.
1657 399 1709 462 '150

98 522 172 582 «licta
190 523 269 580 sunt
284 515 447 597 deiudibe
459 516 607 597 delegato
620 514 811 594 applicanda
823 530 876 578 re·
970 513 1025 576 tv.
1044 535 1060 592 ⁸.
1079 513 1189 576 Minor
1207 513 1353 576 nancte
1369 514 1642 580 sineauotoritate
1658 535 1714 580 au·

20 633 25 642 ·
98 618 232 682 niuntln
253 634 328 682 casu
344 615 515 698 judicibus
531 614 745 696 synodalibus
765 623 797 678 et
814 631 875 680 suo
928 612 1058 676 ratoris.
1083 611 1117 676 et
1148 620 1328 676 curatorem
1355 623 1421 674 non
1437 612 1714 692 babeat,adiitenr

99 722 498 790 manumissoribus.
929 713 1056 779 dandus
1101 721 1150 776 cst
1188 711 1252 790 ipsi
1290 721 1419 777 curator
1455 715 1552 780 ctiam
1587 715 1712 788 invitm

873 824 888 852 r
927 812 1023 890 cujus
1040 819 1145 877 tamen
1157 811 1298 876 cilicium
1319 812 1375 878 llte
1396 813 1485 878 nnita
1500 824 1617 880 cessat.
1634 819 1713 880 Pro·

405 879 520 941 clitis
541 883 572 938 V·
929 911 1080 990 ceditque
1102 911 1163 974 hoc
1179 912 1213 974 in
1228 913 1335 976 causis
1349 923 1419 978 tum
1433 915 1602 992 civilibus,
1617 935 1713 997 quatu

357 993 498 1050 ⁰2l⁶¹⁰fss
517 1004 542 1050 θ’
559 1011 612 1049 '²⁰-
930 1012 1183 1087 criminalibus,
1214 1015 1293 1094 quia
1325 1016 1358 1078 in
1390 1017 1515 1082 neutris
1540 1035 1714 1098 personatu

134 1128 474 1198 Actoretmus‚supi
496 1133 571 1186 pum
586 1121 792 1202 judicasti-es
808 1135 879 1200 per·
932 1110 1107 1189 legitimum
1137 1112 1243 1175 standi
1270 1113 1449 1193 injudicio
1469 1115 1575 1181 habel.
1593 1120 1714 1199 Rsiqtu

97 1224 317 1307 sopmjudioio
332 1221 533 1288 necessariae,
552 1222 770 1296 Quaerendum
794 1239 880 1286 num:
930 1215 1059 1274 curator
1082 1209 1122 1272 dd
1148 1208 1239 1276 litent
1268 1213 1395 1290 pupillo
1413 1223 1446 1279 ei
1467 1217 1585 1280 minori
1604 1219 1646 1282 lib
1661 1233 1715 1282 llll·

96 1335 143 1406 est
169 1325 360 1410 igiturquia
374 1331 462 1390 actor
484 1329 603 1390 draus
615 1323 813 1404 essepossit,
829 1321 878 1386 vet
930 1308 1103 1384 cassarius,
1122 1317 1157 1374 ut
1181 1313 1342 1374 sententia
1361 1325 1472 1378 contra
1486 1318 1596 1394 ipsum
1615 1335 1711 1382 cura·

97 1430 224 1494 debeat.
931 1419 1014 1486 tore,
1039 1409 1093 1474 sel
1118 1417 1227 1474 tutore
1260 1411 1453 1476 destitutum
1495 1419 1715 1504 pronuntiatu,

136 1531 233 1606 ltesp.
268 1530 315 1592 lle
339 1535 480 1608 utroque
509 1525 673 1606 generalis
703 1531 753 1590 est
768 1523 879 1606 regula
931 1523 1083 1593 tanquam
1108 1519 1221 1577 contra
1246 1512 1453 1580 indefensum
1485 1519 1559 1594 lata,
1585 1521 1628 1583 sit
1643 1523 1716 1603 ipso

97 1629 192 1712 agere
220 1631 254 1693 in
273 1628 414 1711 judicio,
439 1634 471 1689 et
498 1625 667 1690 conveniri
695 1625 729 1689 iu
765 1627 879 1688 eodem
929 1611 1002 1693 jure
1018 1611 1160 1676 illelidfl
1176 1633 1185 1688 t
1201 1630 1259 1693 llf⁰
1273 1613 1346 1693 19⁵⁰
1361 1624 1467 1680 ‘⁸¹¹¹ssss
1484 1617 1717 1695 llllewsllne·

98 1745 193 1810 poss,
224 1745 348 1804 omna,
364 1735 397 1794 ,a
419 1726 880 1808 3010211102‚qu51051iam3m
931 1723 995 1780 tur.
1013 1717 1081 1778 lmo
1108 1715 1205 1780 etlam
1220 1723 1329 1780 contra
1345 1719 1495 1782 cumdem
1518 1719 1580 1784 lata
1597 1721 1715 1788 valebit

97 1841 267 1903 personam
294 1823 401 1888 standi
419 1823 454 1888 in
471 1823 599 1903 judicie
613 1822 749 1886 babent:
766 1821 880 1902 quales
931 1815 965 1879 in
985 1815 1028 1878 iis
1043 1815 1183 1892 casibus,
1200 1816 1236 1879 in
1250 1816 1373 1896 qulbus
1385 1827 1525 1898 agereet
1546 1825 1716 1888 conveniri

96 1929 174 1982 sunt
214 1918 363 1984 homines
400 1917 510 1992 liberi,
542 1918 690 1994 masculi,
717 1919 881 2000 majoren—
932 1916 1005 1978 sine
1045 1917 1203 1980 curatoria
1242 1921 1433 1985 auctoritate
1467 1929 1583 2000 potest.
1623 1926 1717 1987 Tales

97 2036 161 2093 ses,
190 2027 252 2083 etc.
270 2017 455 2082 Discrimen
486 2025 592 2082 tamen
611 2017 743 2099 aliquod
758 2017 882 2084 iacien-
931 2027 1039 2080 cunm
1070 2024 1147 2080 suut
1176 2017 1327 2082 undecim
1356 2021 1506 2084 maxime.
1521 2025 1559 2086 Et
1583 2025 1717 2105 quidem

96 2119 174 2182 dtrm
215 2127 264 2182 est
298 2120 384 2182 inter
421 2125 561 2183 actorem
590 2125 622 2182 et
651 2135 768 2194 reum;
807 2135 880 2182 nam
932 2121 962 2182 i·
993 2119 1450 2201 sitetatisibeunoirupleto,
1474 2125 1601 2190 reniam
1616 2127 1717 2190 aetatis

97 2220 203 2295 multi,
246 2219 304 2302 qui
349 2227 474 2284 actores
512 2236 584 2284 csse
624 2235 689 2284 uon
732 2226 880 2298 possunt,
930 2217 1621 2302 impetravit-*bincausanomcntancae
1639 2241 1718 2302 pos·

96 2327 182 2384 stare
208 2319 242 2382 in
266 2313 394 2400 judicie
414 2323 452 2382 ut
466 2315 513 2381 rei
530 2329 669 2396 possunt
689 2317 736 2382 vel
754 2313 787 2380 in
805 2335 880 2396 per·
931 2319 1101 2383 sessionis.
1128 2351 1165 2366 »-
1180 2320 1212 2382 3·
1242 2320 1273 2382 Si
1302 2321 1409 2384 minor
1429 2323 1595 2402 querelam
1613 2327 1717 2402 poari-

96 2433 175 2479 sona
207 2415 348 2498 propria,
363 2415 413 2494 vel
444 2416 549 2482 aliena
563 2437 572 2479 ε
587 2416 760 2497 dequibus
781 2418 815 2482 in
829 2434 882 2480 se·
930 2425 984 2497 get
996 2416 1036 2480 de
1052 2428 1122 2482 toro
1139 2417 1270 2482 uiolato.
1282 2450 1320 2464 -
1339 2418 1371 2478 l⁰
1383 2420 1418 2481 ln
1433 2437 1527 2485 caum
1542 2413 1716 2488 alimento·

97 2519 277 2601 quentibus
292 2517 523 2598 disputabitur.
931 2535 1017 2594 rum,
1044 2519 1099 2582 ubi
1130 2519 1312 2598 periculum
1335 2521 1432 2584 estin
1454 2539 1551 2596 mora,
1585 2539 1645 2588 nec
1668 2533 1718 2588 est

137 2621 236 2684 Porro
257 2619 425 2701 injudicio
445 2625 529 2684 stare
545 2626 731 2700 nequeunt:
932 2625 1060 2699 tempus
1086 2619 1184 2684 dandi
1209 2626 1408 2692 curatorem
1425 2637 1497 2684 nam
1513 2639 1607 2686 secus
1622 2641 1718 2688 cura-

137 2723 163 2786 l.
195 2723 483 2806 insonter,[uriori,
494 2733 642 2798 umentes,
657 2719 749 2786 surdi
763 2732 790 2785 ct
802 2723 880 2784 muti
932 2728 982 2784 tor
998 2719 1122 2783 dandus
1136 2727 1198 2784 est.
1208 2753 1246 2766 ·-
1259 2719 1291 2781 b·
1301 2721 1380 2782 Cum
1398 2719 1503 2784 minor
1517 2723 1557 2786 de
1572 2735 1717 2786 castren·

96 2825 187 2886 utici
206 2824 354 2904 predipi:
373 2839 428 2902 pro
443 2820 563 2903 quibus
579 2829 682 2885 tamen
698 2821 823 2902 agendo
850 2831 881 2886 ct
932 2818 1036 2894 sibus,
1055 2824 1110 2882 aut
1140 2817 1240 2896 patris
1268 2823 1461 2910 testamento
1485 2817 1575 2884 litem
1590 2823 1667 2903 agit.
1680 2857 1717 2868 -

97 2921 306 2986 defendendo
320 2919 480 3000 judicium
495 2921 682 3000 suscipiunt
702 2928 824 2986 tutores
851 2927 883 2982 et
931 2921 963 2982 e·
977 2919 1014 2982 lu
1024 2919 1257 3000 praeparatoriis
1265 2919 1303 2983 ad
1313 2919 1561 3000 judicium-'l'
1569 2925 1601 2986 Si
1613 2925 1719 2990 minor

98 3027 276 3084 curatores.
313 3021 359 3084 Ex
386 3018 457 3100 lege
472 3015 656 3082 Iustiniana
676 3019 716 3081 ab
738 3019 882 3084 Ecclesia
933 3022 1004 3086 siue
1017 3029 1135 3096 tutore,
1144 3021 1194 3085 vel
1208 3029 1356 3086 curatore
1375 3022 1566 3088 contrahens
1578 3027 1720 3090 cumali·

97 3122 323 3185 canonizata...
340 3120 400 3182 Sed
410 3118 518 3193 hodie,
536 3117 624 3199 quod
637 3119 703 3199 jem
718 3117 753 3182 in
771 3119 882 3182 multis
933 3123 1097 3202 quojuret
1119 3138 1154 3184 se
1187 3139 1261 3186 esse
1287 3121 1451 3202 majorem,
1486 3132 1519 3188 et
1548 3135 1660 3204 postea
1678 3145 1718 3190 ex

97 3218 292 3302 regionibus
322 3218 367 3284 ita
394 3217 550 3298 locupleti
578 3217 796 3280 instructione
827 3217 884 3281 do·
933 3227 1098 3284 contractu
1108 3221 1232 3284 oriatur
1247 3223 1478 3286 controversia.
1496 3224 1719 3300 *8⁶0uoties

96 3327 217 3386 nactur
237 3319 327 3384 surdi
362 3325 394 3382 et
410 3317 503 3393 muti,
537 3322 578 3385 ,ut
595 3315 790 3397 generaliter
824 3333 884 3382 sua
934 3316 1087 3384 incensis
1101 3318 1254 3384 civilibus
1284 3320 1389 3383 minor
1407 3321 1529 3402 absque
1545 3329 1651 3387 tutore
1669 3327 1717 3386 rot

93 3421 174 3503 jura
192 3419 386 3499 intelligant,
418 3431 520 3498 eaque
549 3415 704 3500 prosequi
721 3422 753 3478 ct
771 3415 884 3480 delen·
935 3425 1081 3482 curatore
1098 3418 1232 3498 iurauit,
1257 3420 1359 3498 gestis
1389 3421 1438 3483 sel
1459 3419 1492 3485 in
1514 3422 1640 3502 Judicie
1659 3442 1717 3504 ge·

97 3523 181 3584 dere
211 3520 347 3600 possint,
363 3531 427 3580 non
455 3517 585 3580 uidetur
603 3515 766 3596 judicium
782 3514 885 3580 ecde-
936 3520 1045 3584 rendis
1076 3535 1140 3582 non
1172 3521 1405 3584 contravenire.
1422 3525 1499 3584 ..po
1517 3524 1549 3587 Si
1567 3527 1721 3588 causasti

97 3620 270 3684 siasticurn
307 3618 455 3684 nullitate
490 3615 647 3691 laborare,
678 3629 718 3679 ex
747 3631 787 3680 eo
814 3616 884 3679 solo
936 3615 1125 3695 spiritualis,
1161 3623 1195 3680 ut
1223 3618 1481 3693 matrimonialis,
1507 3621 1718 3698 beneficialis,

98 3721 190 3800 quod
237 3727 323 3784 actor
358 3717 408 3782 tel
445 3733 522 3781 reus
554 3717 676 3782 surdus
716 3724 748 3781 et
775 3725 885 3780 mutus
935 3717 1114 3792 decimalis,
1138 3719 1722 3800 etc.-1tt·siinjudiclumdeduru-

96 3819 212 3884 luerit.
935 3823 988 3876 tur
1002 3830 1099 3878 causa
1111 3830 1257 3879 connexa
1272 3815 1548 3895 spirituali.-·-ll·
1573 3819 1720 3900 Denique

141 3920 416 4002 ll.Saruiprcpris
432 3917 555 3984 dictiiu
573 3915 884 3998 causapecunlariaa
934 3917 970 3980 in
1011 3914 1261 3995 utribuscuuqne
1293 3915 1366 3980 aliis
1393 3920 1510 3994 causis,
1540 3923 1572 3983 in
1599 3921 1720 4001 quibus

98 4040 177 4088 nam
207 4024 243 4087 in
262 4023 336 4087 allis
361 4021 469 4087 causis
482 4021 606 4086 admitti
619 4021 797 4103 aliquando
812 4036 886 4099 pos·
936 4015 1137 4079 consuetudo
1162 4014 1308 4096 legitime
1337 4019 1533 4098 praescripta,
1548 4029 1603 4085 ant
1617 4030 1720 4086 statu·

97 4133 192 4199 sunt,
209 4130 245 4186 ut
260 4123 293 4186 in
314 4123 551 4199 criminalibus,
567 4120 883 4195 causisllberalibus,
936 4123 1006 4180 tunt
1032 4115 1172 4196 legitime
1184 4117 1348 4180 conditum
1361 4118 1508 4182 concedit
1523 4121 1642 4184 minori
1661 4140 1720 4202 po·

97 4231 134 4284 et
158 4235 233 4301 quar
254 4229 452 4286 wnoernuut
472 4221 640 4287 utilitatem
656 4221 831 4304 publicam.
873 4279 880 4298 ,
937 4224 1081 4280 testatem
1106 4216 1177 4280 sina
1208 4217 1724 4303 interventucuratorislitigandi

141 4322 202 4385 ΙΙΙ.
241 4323 390 4404 Pupillus
435 4323 508 4387 sine
536 4323 723 4386 auctoritate
755 4321 882 4386 tutoris.
937 4317 1174 4398 injudicio....,
1202 4326 1343 4382 attamen
1380 4319 1453 4382 sine
1488 4329 1634 4386 curatore
1664 4341 1724 4387 nee

97 4425 184 4486 Nanr
206 4440 246 4485 ex
260 4422 356 4487 istius
370 4423 505 4487 arbitrio
518 4423 723 4500 operationes
740 4423 886 4503 ejttadem
938 4419 1035 4484 etiam
1049 4418 1084 4482 in
1095 4417 1200 4482 causis
1215 4418 1438 4496 spiritualibus
1459 4429 1542 4484 stare
1552 4423 1587 4485 in
1598 4422 1723 4503 judicie

102 4523 228 4604 legates
261 4524 716 4603 pendent-Excipiunturr
745 4523 889 4586 lcausae
938 4527 1043 4602 potest
1067 4521 1173 4583 minor
1204 4517 1375 4598 impubesr
1402 4520 1455 4584 cui
1480 4522 1578 4602 igitur
1601 4534 1726 4588 corate·

96 4622 301 4700 criminales,
328 4623 362 4686 in
392 4624 513 4704 qulbus
530 4625 627 4688 etiarn
644 4623 734 4702 pueri
746 4623 889 4686 andiun-
938 4637 1006 4684 rem
1025 4619 1100 4682 darc
1119 4619 1214 4682 debet
1225 4616 1337 4696 judex.

96 4730 171 4795 tur,
186 4723 214 4784 si
237 4721 330 4786 aliter
348 4722 502 4786 delictum
534 4722 662 4803 probari
686 4731 888 4802 nequean-
977 4719 1018 4781 V.
1044 4717 1294 4799 filiusfamilias.
1318 4719 1356 4782 ln
1375 4735 1440 4799 quo
1464 4727 1567 4784 nmen
1592 4703 1726 4786 caldis·

96 4819 132 4882 2.
145 4819 250 4883 Causa
266 4833 498 4884 momentaneae
526 4819 758 4898 possessionis,
777 4820 811 4885 lu
825 4839 889 4902 quta
939 4816 1152 4896 tinguendum
1180 4823 1288 4880 contra
1322 4835 1419 4897 quem
1449 4827 1533 4898 agal,
1547 4831 1654 4885 contra
1673 4839 1726 4902 pa·

97 4921 266 5001 agiturda
282 4920 486 4984 restitutione
500 4919 609 4998 spolii,
628 4919 681 4982 rel
701 4920 742 4984 dc
762 4935 890 5001 posses·
940 4926 1021 4982 trent
1036 4935 1077 4982 an
1098 4927 1208 4982 contra
1225 4927 1426 4982 extraneum.
1451 4921 1544 4996 Quod
1569 4923 1643 4985 vide
1659 4924 1727 4986 dis·

97 5021 201 5084 sione
225 5021 462 5098 interimistica,
482 5037 543 5084 seu
558 5021 737 5085 summario
761 5037 890 5102 posses·
940 5034 1072 5081 cussum
1098 5016 1184 5097 apud
1211 5017 1507 5098 Sebmalzgrueber,
1527 5021 1572 5082 oe
1577 5020 1725 5103 judiciis,

97 5124 207 5184 sorio.
235 5151 275 5168 -
297 5122 329 5184 3.
343 5122 558 5201 Excipiuntur
589 5137 792 5202 quecunque
817 5123 890 5186 alita
941 5117 1039 5180 wib.

97 5239 224 5298 cause,
244 5224 274 5286 si
310 5222 514 5286 adversarius
542 5237 618 5285 eum
644 5236 710 5284 nen
729 5230 891 5290 removeat
982 5219 1037 5280 t‘l.
1075 5215 1237 5278 Mulieres.
1258 5216 1317 5278 Ubi
1339 5218 1725 5298 tamendiatlnguemlun

97 5332 219 5386 contra
236 5341 310 5387 enar
327 5323 516 5404 excipiendo
532 5343 541 5397 3
561 5338 634 5386 narn
648 5323 676 5384 si
693 5320 727 5384 iu
739 5322 890 5398 tulicasu,
942 5324 993 5381 est
1021 5317 1106 5378 inter
1133 5331 1246 5380 causas
1258 5317 1371 5380 civiles
1388 5326 1419 5379 at
1433 5319 1636 5394 criminales;
1654 5337 1726 5382 uara

96 5399 251 5487 etcausa
276 5423 421 5504 pupillus
450 5421 499 5486 vel
534 5420 641 5486 minor
673 5419 892 5498 vincat,licat
944 5417 978 5480 in
995 5414 1148 5478 civilibus
1163 5413 1275 5476 invitae
1290 5415 1553 5493 personaliterad
1565 5417 1726 5497 judicium

97 5523 181 5586 sine
204 5521 393 5586 auctoritate
408 5521 524 5584 tutoris
540 5519 743 5585 contenderit
755 5520 788 5583 in
805 5520 895 5601 judi·
944 5518 1027 5581 trahi
1043 5531 1107 5580 non
1123 5513 1366 5596 permittuntur.
1378 5517 1524 5580 Sitamen
1542 5517 1641 5580 relittt
1655 5535 1728 5598 uge-

97 5627 175 5698 cio,
195 5622 356 5688 sententia
392 5622 585 5697 sustinetur,
617 5639 659 5686 na
678 5622 766 5704 qued
793 5623 829 5685 in
843 5622 894 5685 la·
946 5637 992 5693 re,
1008 5626 1040 5682 et
1049 5619 1246 5697 respondere
1264 5617 1298 5680 in
1315 5632 1354 5680 eo
1372 5617 1563 5696 possunt.ln
1579 5615 1729 5678 crimina·

97 5744 219 5789 vorem
232 5724 418 5788 eorumdem
437 5722 656 5789 introductum
668 5723 893 5804 est,inodiutn
946 5721 1033 5783 libus
1054 5735 1119 5782 non
1148 5719 1279 5799 quidam
1301 5717 1529 5798 permittuntur
1554 5732 1662 5798 agere,
1678 5714 1728 5778 vel

96 5829 242 5894 illorum
257 5827 500 5906 detorqueatur.
946 5837 1110 5889 accusare.
1126 5821 1158 5884 Si
1179 5827 1284 5886 tamen
1314 5817 1481 5884 atrocioris
1507 5818 1645 5902 alicujus
1668 5817 1730 5880 cri·
