4044 6458
287 368 339 436 791
779 367 895 432 tultis
912 366 1092 430 canontct
1110 365 1376 432 constitutum.
1854 363 1909 428 'lii

287 479 530 548 sacramentale.
562 482 642 544 ltem
669 478 755 544 aliud
782 478 888 544 lorum
917 485 966 542 est
994 495 1071 538 eon·
1121 476 1232 557 jndice
1257 475 1448 556 simpliciter
1477 475 1713 556 incompetente
1741 474 1813 552 ipso
1837 472 1908 553 iure

286 580 575 659 tenticann,aliuil
602 579 816 644 voluntariam
838 601 849 641 .·
873 577 925 642 hic
944 581 983 639 de
1002 577 1073 639 loro
1125 571 1215 635 nulla
1238 578 1297 635 est.
1331 572 1403 653 (Per
1419 575 1521 639 claros
1549 579 1655 636 tentus
1677 589 1705 635 c.
1729 571 1773 634 At
1797 570 1827 634 ri
1853 571 1910 634 ele·

287 692 422 748 externo
438 691 468 744 et
487 683 690 746 contentioso
709 695 815 744 sermo
834 687 902 744 est,
919 677 1071 757 »(Ηυτιι,
1123 669 1186 731 rt'ct'
1201 667 1232 743 lt,
1249 668 1463 753 ΒιΜιίιίἰ.)
1475 669 1567 733 Ratio
1579 677 1628 734 est
1642 668 1910 751 qutdjurisdlclitl

289 781 321 844 in
335 783 388 844 tte.
400 799 440 856 11,
456 781 519 844 tib.
538 799 562 844 ῃ
580 780 740 844 Deereeal,
759 789 876 860 quast,
891 777 952 858 1.)
1124 777 1172 832 est
1190 769 1275 832 basis
1289 778 1321 832 et
1342 770 1587 836 laudamentum
1608 771 1713 835 omnis
1727 771 1847 852 judicii
1878 789 1910 836 ac

1124 869 1304 933 sententiae.
1328 871 1430 950 lgitur
1453 872 1510 935 ubi
1532 874 1599 934 hoc
1618 871 1735 946 delicit,
1750 870 1910 950 judicium

1125 983 1189 1032 non
1206 979 1266 1047 est,
1289 975 1321 1032 et
1340 988 1399 1036 neo
1413 969 1588 1046 sententia,
1605 979 1637 1034 et
1658 987 1718 1032 nec
1731 969 1910 1051 judicatum

325 1075 357 1140 l.
379 1076 597 1154 competentia
615 1073 696 1139 nihil
718 1071 806 1138 aliud
822 1080 870 1136 est
898 1088 995 1152 quam
1019 1071 1071 1149 ip·
1125 1069 1188 1132 dici
1204 1077 1320 1150 potest.
1335 1073 1459 1136 Ethino
1474 1072 1633 1153 ejusmodi
1651 1069 1827 1144 sententia,
1842 1067 1911 1134 linet

286 1183 389 1241 samet
413 1175 626 1256 jurisdictiol
644 1176 675 1238 le
704 1175 791 1238 enim
817 1172 957 1253 «iudex
987 1187 1074 1234 com·
1124 1172 1163 1236 ab
1175 1191 1211 1236 ea
1224 1173 1667 1256 nonappelletur,nnnquam
1682 1171 1837 1236 tamenin
1850 1187 1911 1234 rem

287 1276 542 1358 petensdicitor,
558 1276 888 1359 cujnsjueisdtotioni
903 1273 1074 1354 subjicitur
1121 1273 1294 1355 judicatam
1326 1275 1458 1348 transit,
1483 1280 1539 1338 eed
1567 1291 1695 1355 semper
1723 1272 1822 1337 etiam
1846 1281 1912 1348 post

287 1394 379 1450 reus,
405 1394 464 1440 sen
481 1393 587 1442 coram
604 1393 670 1458 quo
683 1376 782 1450 actio,
807 1383 838 1438 et
859 1374 898 1437 lis
922 1371 1072 1452 proponi,
1124 1381 1190 1436 tres
1212 1372 1579 1437 nnilormessententias
1594 1373 1741 1454 exceptio
1757 1369 1910 1434 nullitatis

285 1483 383 1555 atque
399 1474 546 1549 institui,
565 1484 596 1538 et
609 1475 695 1540 liniri
712 1481 879 1554 polest...»
900 1472 1072 1553 (Pranrnu.
1125 1480 1234 1536 contra
1250 1473 1394 1536 eamdem
1411 1473 1529 1554 opponi
1555 1481 1671 1555 potest,
1687 1474 1785 1540 modo
1804 1473 1847 1535 de
1861 1471 1911 1534 tali

360 941 375 1015 l
394 939 428 998 ll.
442 971 478 988 υ-
492 939 532 998 lle
546 941 730 1014 competentia
744 939 795 996 lori
810 953 860 995 eeu
880 937 993 1012 judicis.

287 1571 333 1633 De
351 1573 423 1654 [cro
450 1580 585 1652 compet.
614 1591 652 1636 n.
678 1574 711 1648 1,
740 1579 771 1637 et
799 1568 1053 1639 communiter.l

325 1672 367 1734 ll.
379 1672 599 1750 competentia
613 1672 855 1752 autemproprie
866 1670 950 1734 dicta
963 1676 1011 1734 est
1018 1669 1073 1749 ju·

287 1769 479 1852 riedictiolin
493 1789 646 1854 personas
656 1771 752 1836 simul
763 1780 794 1836 et
807 1788 916 1835 earnm
932 1785 1074 1844 caueam,

287 1871 1073 1953 nonraroinsolespersonas,auts0lamcausam.

286 1967 1077 2056 Exempligratia,episeopusjurisdictienemqui·

285 2067 411 2132 demin
432 2086 544 2134 omnes
564 2088 641 2134 suos
666 2071 863 2137 dioecesanos
886 2075 995 2148 babel3
1017 2074 1073 2138 sed

286 2169 392 2246 quoad
414 2167 664 2247 ecclesiasticas,
691 2189 756 2236 non
779 2173 885 2253 quoad
903 2175 1073 2239 saeculares

284 2268 428 2348 ipsorum
447 2285 568 2334 causas.
592 2271 671 2336 ltem
689 2273 861 2353 episcopas
883 2282 1072 2355 potestatem

287 2365 382 2431 habet
401 2366 629 2451 delinquentes
648 2372 958 2454 clericosjudicandi
972 2383 1074 2452 etpu-

285 2464 397 2528 niendi
412 2483 494 2540 ;non
513 2467 706 2534 tamenalins
719 2471 971 2551 quamdiuecesis
982 2490 1070 2546 snee3

283 2561 358 2626 item
375 2563 477 2644 judex
496 2569 657 2631 sustentaris
674 2568 822 2650 judicare
838 2579 940 2652 potest
960 2590 1072 2636 causas

287 2666 1072 2745 meretemporales,sednoninterelericos.llnde

284 2777 416 2826 necesse
431 2771 480 2828 est
493 2767 532 2830 ad
548 2770 792 2848 competentiam
813 2771 941 2852 proprie
954 2773 1070 2836 dictam

284 2859 431 2942 uljudex
446 2865 707 2945 jurisdictionem
734 2871 847 2935 lrabeat
867 2871 903 2936 in
916 2888 1070 2952 personas

285 2962 382 3026 simul
394 2972 424 3028 et
440 2983 550 3030 aarum
561 2984 685 3032 causas.
703 2971 799 3052 Atqui
815 2972 1010 3052 generaliter
1023 2972 1071 3037 sic

284 3061 529 3143 distinguuntur
550 3067 679 3148 judices
701 3079 933 3150 competentes:

324 3162 358 3224 l.
373 3185 387 3220 ι
401 3163 550 3229 Alinsest
561 3169 748 3252 simpliciter
762 3181 953 3251 conpetens,
971 3188 1069 3254 quem

283 3261 408 3326 scilicet
431 3274 538 3344 partes
575 3268 737 3351 litigantes
758 3271 848 3335 adire
870 3280 1021 3352 possunt,
1038 3279 1070 3335 et

283 3361 417 3438 debent,
436 3372 586 3447 tanquam
606 3370 806 3435 ordinarium
822 3372 966 3452 judicem
988 3372 1060 3449 loci,

283 3478 342 3524 seu
364 3463 535 3542 territorii,
561 3469 594 3532 in
615 3487 681 3552 qun
696 3471 858 3552 judicium
883 3481 1066 3540 exercetur:

282 3563 395 3642 quales
420 3576 497 3630 sunt
516 3568 645 3649 judices
672 3573 830 3636 ordinarii
857 3577 1024 3640 constituti
1050 3597 1067 3640 a

281 3658 370 3742 lege,
394 3665 557 3746 principe,
583 3668 632 3733 vel
659 3672 897 3738 consuetudine
923 3683 959 3738 nt
987 3693 1067 3755 prae·

281 3759 350 3824 sint
375 3763 552 3831 universali
578 3770 799 3850 jurisdictioni
825 3774 1067 3856 alicujus'ciri·

280 3861 370 3938 tatis,
394 3866 443 3930 rel
470 3871 661 3950 provinciae,
689 3896 704 3932 ι
729 3883 782 3938 aut
809 3876 969 3944 dioecesis.

318 3957 377 4026 ΞΛ
391 3965 485 4031 Alius
500 3987 576 4037 vero
596 3980 645 4035 est
655 3991 714 4052 per
726 3994 757 4037 ee
770 3978 991 4056 incompetens,
1008 3979 1065 4062 qui

281 4069 387 4127 tamen
405 4084 566 4134 consensu
594 4075 730 4152 partium
755 4076 968 4157 litigantium,
988 4081 1064 4143 aun

276 4159 539 4242 iurisdictionem
569 4173 639 4252 ejus
666 4185 853 4255 prorogant,
878 4185 1066 4258 competens

280 4261 350 4326 flori
390 4276 507 4344 potest.
541 4271 600 4352 (C.
625 4273 822 4354 St'pnificorlt'
851 4277 967 4353 ta,oe
992 4281 1065 4359 {oro

279 4368 503 4450 competenti.)
528 4369 674 4436 Talisest
700 4374 802 4456 J'ndex
826 4377 1064 4444 ecclesiasticus

278 4471 427 4538 respectu
451 4465 603 4532 laicorum
628 4470 662 4533 in
687 4473 792 4535 causis
816 4475 1061 4555 temperatione

194 4567 199 4578 ·
280 4558 356 4625 licet
376 4563 462 4628 enim
485 4567 542 4631 ille
563 4579 712 4648 respectu
736 4573 870 4636 istorum
894 4575 928 4638 in
952 4575 1065 4658 liujus·

279 4663 367 4724 modi
381 4665 595 4746 causleperse
611 4677 796 4750 competens
812 4691 877 4736 non
898 4675 950 4748 sit,
969 4677 995 4738 sl
1018 4687 1063 4739 ta-

280 4777 353 4823 men
375 4761 446 4825 laici
472 4783 506 4830 se
532 4767 750 4848 jurisdictioni
779 4771 922 4852 ejusdem
961 4777 1063 4857 subji-

280 4859 380 4933 ciant,
417 4863 504 4927 illam
532 4868 567 4930 in
585 4887 621 4932 se
643 4881 833 4951 prorogante
865 4883 895 4936 et
916 4875 963 4938 sic
987 4894 1061 4940 eum

279 4968 426 5039 respectu
443 4964 494 5027 sui
509 4976 745 5050 competentem
759 4971 898 5037 iaciunt.
917 5000 932 5035 ι

316 5057 347 5122 3.
370 5061 504 5144 Utrique
520 5068 831 5153 opponitnrjttdex,
858 5077 914 5159 qui
937 5081 1061 5160 simpli·

276 5159 356 5223 citer
370 5172 417 5223 eet
430 5164 642 5247 incompetens
664 5192 675 5232 :
700 5172 740 5234 ita
767 5182 800 5237 nt
817 5193 874 5238 nec
893 5190 995 5257 partes
1005 5179 1062 5260 ju·

275 5257 498 5327 risrlictionem
520 5266 665 5346 ejusdem
691 5289 860 5352 prorogare
883 5275 913 5336 in
930 5295 964 5340 se
981 5295 1059 5342 con·

274 5375 372 5426 sensu
390 5381 455 5428 suo·
467 5369 602 5446 possint.
621 5372 707 5435 Talis
719 5382 767 5442 est
779 5375 881 5455 judea
896 5378 1060 5442 saecularis

274 5469 421 5539 respectu
449 5465 652 5547 clericorum,
679 5482 710 5537 et
732 5483 877 5555 respecto
906 5476 1059 5541 laicorum

1125 1572 1388 1653 incompetentia,
1409 1583 1440 1638 et
1459 1575 1653 1638 omnimodae
1671 1572 1911 1656 jurisdictionis

1126 1673 1252 1738 delectu
1277 1676 1446 1740 evidenter
1470 1685 1605 1740 constet.
1632 1675 1759 1756 (Glossa
1784 1675 1820 1738 in
1847 1675 1912 1738 Cle-

1126 1779 1225 1837 ment.
1244 1775 1331 1836 unic.
1344 1793 1374 1838 v.
1386 1775 1458 1840 Non
1474 1775 1625 1850 obstante,
1637 1777 1682 1838 De
1694 1783 1832 1856 aequest.
1845 1791 1914 1854 pot-

1127 1874 1216 1952 ιιιι.)
1240 1875 1454 1956 Proceditque
1469 1874 1542 1950 lano,
1556 1875 1702 1956 quamvis
1718 1874 1795 1953 quis
1806 1873 1913 1954 juras·

1126 1980 1175 2034 set
1197 1989 1233 2035 se
1258 1989 1322 2038 non
1339 1974 1564 2054 oppositarum
1588 1974 1629 2036 de
1647 1972 1816 2044 nullitate;
1844 1987 1913 2034 nam

1125 2070 1229 2134 adhuc
1253 2072 1433 2136 nullitatem
1452 2090 1493 2136 ex
1519 2072 1648 2138 delectu
1670 2069 1910 2152 iurisdictionis

1124 2180 1228 2253 potest
1246 2189 1420 2254 opponere.

1162 2273 1195 2332 2·
1214 2272 1251 2334 Si
1267 2274 1427 2336 sententia
1442 2271 1502 2336 lata
1516 2278 1563 2336 est
1578 2288 1596 2336 a
1606 2271 1715 2352 judice
1732 2288 1790 2350 per
1807 2287 1844 2332 se
1859 2269 1908 2332 in·

1124 2379 1324 2451 competente
1359 2372 1452 2453 anus
1476 2372 1661 2454 Jurisdictio
1688 2371 1909 2451 inlitigantes

1124 2471 1287 2551 prorogari
1311 2472 1424 2548 potuit,
1457 2472 1647 2548 ridendum,
1673 2487 1712 2534 an
1741 2487 1815 2550 pars
1842 2469 1908 2530 liti·

1123 2585 1213 2652 gans,
1235 2569 1275 2632 ab
1290 2588 1330 2634 eo
1347 2570 1380 2633 in
1397 2571 1451 2652 jus
1466 2577 1587 2646 vocata,
1614 2569 1812 2651 ignoraverit
1837 2584 1906 2630 enm

1122 2690 1195 2736 esse
1219 2671 1501 2753 incompetentem,
1523 2691 1563 2737 an
1588 2690 1665 2739 tero
1680 2674 1741 2736 hoc
1764 2673 1905 2748 sciverit,

1122 2782 1153 2838 et
1168 2782 1274 2837 tamen
1290 2791 1354 2838 non
1370 2772 1517 2854 opposita
1530 2774 1720 2852 exceptione
1731 2771 1795 2836 iori
1810 2772 1905 2836 decli·

1123 2873 1256 2946 natoria,
1273 2873 1500 2954 comparuerit.
1524 2907 1560 2920 —
1578 2873 1615 2936 Si
1625 2873 1732 2954 prins,
1747 2870 1905 2936 sententia

1121 2975 1238 3040 iterum
1255 2975 1344 3040 nulla
1356 2983 1421 3050 est;
1440 2975 1529 3058 quia,
1545 2991 1617 3039 eum
1636 2977 1816 3056 ignorantis
1833 2978 1902 3038 nut-

1121 3075 1173 3139 lus
1203 3077 1246 3139 sit
1266 3091 1459 3151 consensus,
1483 3075 1524 3152 is,
1551 3075 1608 3156 qni
1625 3075 1780 3156 judicem,
1811 3091 1903 3155 quem
2010 3079 2011 3120 ῑ

1121 3175 1211 3252 adiit,
1235 3175 1372 3239 nescirit
1406 3173 1676 3253 incompetentem
1714 3189 1802 3246 esse,
1837 3171 1903 3252 ojus

1117 3276 1378 3359 jurisdictionem
1392 3275 1428 3338 in
1448 3292 1482 3338 se
1497 3291 1685 3354 prorogasse
1701 3291 1765 3338 non
1783 3273 1901 3336 intelli·

1121 3380 1219 3459 gitur.
1240 3379 1278 3440 lit
1302 3377 1378 3442 hino
1396 3393 1505 3441 erroro
1521 3384 1630 3455 postea
1650 3375 1791 3458 cognito,
1810 3391 1899 3437 exce·
2009 3385 2010 3440 ἴ

1121 3479 1263 3558 ptionem
1297 3476 1557 3558 incompetentia)
1585 3477 1680 3540 etiam
1710 3482 1783 3556 post
1818 3474 1900 3539 liten

1119 3584 1325 3641 contestatam
1351 3583 1456 3655 potest
1477 3592 1653 3656 opponere.
1679 3575 1779 3640 -Si
1798 3584 1901 3654 poete-

1118 3681 1201 3754 rina,
1218 3677 1463 3755 comparando,
1489 3683 1520 3738 et
1545 3692 1608 3740 non
1637 3676 1787 3755 opposita
1812 3691 1899 3738 exoa·
2008 3669 2009 3714 ἶ

1120 3778 1243 3859 ptione,
1261 3777 1412 3856 litigando
1427 3783 1577 3840 censetur
1588 3776 1621 3840 in
1637 3775 1745 3854 ipsum
1763 3791 1897 3838 consen·

1119 3877 1214 3954 sisse,
1240 3887 1272 3940 et
1293 3875 1557 3956 jurisdictionem
1576 3875 1665 3938 illius
1684 3875 1718 3938 in
1738 3893 1775 3938 se
1795 3891 1899 3954 proro-

1118 3989 1220 4053 gasse,
1235 3980 1269 4036 ut
1285 3973 1326 4036 ita
1340 3973 1396 4053 qui
1409 3989 1500 4046 suus,
1517 3979 1548 4036 et
1559 3981 1743 4052 competens
1754 3985 1827 4036 ante
1839 3989 1896 4036 non
2007 3977 2008 3990 ³

1118 4071 1231 4145 luerat,
1259 4089 1350 4147 suus,
1374 4079 1405 4136 et
1428 4079 1613 4153 competens
1633 4071 1767 4136 effectus
1791 4071 1894 4136 inerit.

1118 4171 1334 4250 (Scuntczen.
1351 4174 1383 4236 in
1401 4175 1449 4236 tit.
1472 4191 1495 4234 ιι
1519 4174 1560 4235 De
1572 4175 1643 4254 loro
1660 4184 1793 4253 compet.
1808 4173 1895 4236 lib.tt

1116 4271 1270 4338 Decretol.
1290 4277 1354 4337 n.1
1370 4277 1407 4338 ad
1423 4273 1468 4354 5.)

1118 4395 1131 4470 t
1145 4397 1189 4454 lll.
1203 4397 1292 4454 -Ex
1304 4398 1405 4470 quillus
1419 4395 1506 4523 ριὶῧὲὶ
1520 4396 1571 4524 ⁰ilrsi
1587 4396 1739 4454 deducetur
1748 4407 1894 4469 competen-

1155 4579 1252 4660 ttesp.
1268 4579 1447 4646 Deducitnr
1467 4579 1606 4644 maxime
1621 4595 1660 4642 ex
1676 4579 1795 4654 tribus,
1809 4579 1891 4642 ride·

1115 4679 1212 4742 licet:
1234 4702 1248 4735 r
1267 4680 1357 4746 1.Ex
1377 4697 1511 4758 persone
1524 4680 1658 4762 judicis,
1690 4681 1827 4761 ejnsqua
1843 4680 1892 4760 jn-

1115 4784 1314 4849 risdlctione.
1338 4821 1375 4832 -
1395 4789 1426 4850 i.
1446 4789 1491 4848 Er
1509 4803 1644 4866 persona
1667 4787 1712 4848 rei
1737 4784 1891 4852 conventi.
2004 4851 2005 4874 ἢ

1113 4919 1153 4931 -
1167 4887 1196 4947 3.
1213 4887 1255 4948 Ει
1271 4885 1424 4964 qualitate
1441 4903 1547 4950 causae
1565 4887 1598 4948 in
1614 4886 1779 4967 judicium
1800 4887 1891 4950 dedu·

1114 4993 1181 5058 ctae,
1200 4985 1247 5046 rel
1265 4986 1506 5050 deducendae.»

1154 5109 1169 5142 ι
1185 5083 1230 5148 tn
1248 5103 1288 5148 ex
1304 5103 1440 5165 persona
1454 5087 1578 5166 judicis
1591 5085 1697 5150 lorum
1714 5097 1889 5167 competens

1113 5187 1166 5260 sit,
1187 5189 1403 5252 necessarium
1428 5196 1476 5250 est
1500 5197 1534 5250 ut
1552 5188 1826 5267 iurisdictionem,
1845 5185 1887 5248 rel

1113 5288 1223 5350 saltem
1251 5287 1432 5350 iacnltaletta
1470 5289 1686 5366 cognoscendi
1725 5291 1767 5352 de
1801 5305 1887 5352 causa
1984 5338 1990 5347 .

1114 5387 1196 5450 inter
1212 5403 1365 5467 personas
1388 5375 1550 5468 fatigantes
1571 5389 1700 5460 ιιιιιιιιις
1723 5390 1811 5470 quod
1825 5389 1885 5452 lieri

1112 5487 1232 5564 duplici
1251 5487 1345 5550 modo
1361 5494 1463 5567 potest
1481 5511 1489 5549 ι
1507 5491 1536 5548 1·
1550 5497 1704 5568 potestate
1719 5488 1886 5558 ordinaria,

273 5555 307 5616 ¹¹¹
323 5562 428 5625 “⁰⁸⁵⁸
442 5581 508 5628 ¹¹³⁶?
510 5583 527 5630 θ
541 5568 765 5648 spiritualibus
774 5582 806 5638 θῑ
820 5576 1057 5653 ecclesiasticis,
1109 5589 1237 5669 qualem
1259 5587 1414 5651 ordinarii
1439 5589 1567 5668 jndices
1591 5591 1730 5665 habente
1756 5593 1788 5653 ἓ·
1803 5599 1884 5668 pote·

273 5666 308 5716 ut
326 5659 468 5741 haeresis,
484 5660 641 5738 simoniae.
657 5673 866 5754 decimarum,
880 5688 967 5744 eto...

312 5755 404 5824 llnde
427 5765 573 5848 sequitur
598 5795 606 5835 ι
632 5778 661 5837 t·
676 5765 767 5852 quoa
789 5785 945 5848 sententia
966 5787 1057 5866 latae

1111 5695 1189 5750 state
1224 5688 1497 5780 extraordinaria,
1523 5708 1584 5772 qua
1616 5689 1765 5770 pluribus
1790 5689 1884 5758 tnodis

1112 5787 1234 5869 acquiri
1252 5796 1380 5868 potest:
1402 5787 1523 5854 scilicet
1542 5791 1591 5854 rel
1607 5791 1820 5872 delegatione,
1838 5785 1882 5848 rel
