4042 6458
289 369 341 430 let

287 477 483 551 titutionem,
506 482 564 535 out
589 471 767 555 affectatam
786 471 959 539 absentium
989 493 1067 538 com·

278 578 357 662 iupa
370 576 503 642 dissolri
514 595 607 657 poete
621 576 814 641 matrimonii
828 579 1072 642 oimcolomouo·

285 679 387 743 emmo
398 679 453 742 eit.

354 815 369 890 5
387 815 433 874 tl.
449 844 485 861 -
499 811 537 869 na
556 813 654 870 cineils
672 814 814 874 societatis
832 816 995 890 conjugalis.

324 935 349 997 l.
372 931 550 1013 conjugum
574 929 675 994 officia
696 933 971 996 communissent
990 931 1070 996 tides

284 1030 487 1114 conjugalis,
513 1030 746 1114 individuaque
771 1030 845 1096 vitm
868 1034 1070 1098 consuetudo

283 1138 392 1196 sancta
408 1138 438 1195 cl
453 1129 609 1195 inviolate
625 1131 798 1194 servande.
814 1132 860 1212 (C.
875 1132 969 1196 Nemo
982 1131 1070 1194 oton-

282 1231 404 1305 dictor,
422 1239 536 1313 quest.
557 1230 588 1302 le,
605 1239 635 1294 et
656 1249 683 1295 c.
705 1231 800 1312 Apud
819 1251 888 1306 noa,
904 1240 1017 1312 qrsmst.
1037 1231 1067 1304 5,

282 1350 377 1396 causa
392 1331 458 1408 32.)
481 1365 518 1378 -
542 1333 690 1395 Mutuum
708 1331 741 1394 ln
760 1333 847 1396 omni
865 1331 927 1395 rita
944 1339 975 1394 et
992 1348 1070 1413 que·

281 1449 412 1512 cunque
436 1430 564 1494 ior-tuna
591 1433 800 1511 adjutorium,
827 1450 866 1495 ex
892 1432 942 1494 his
961 1431 1068 1494 verbis

282 1534 453 1610 scripturn
480 1553 488 1594 ι
516 1527 587 1597 Nom
614 1542 657 1593 est
683 1531 796 1594 bonon
823 1533 976 1596 nominem
1005 1549 1069 1592 eme

282 1635 399 1705 tolum,-
416 1633 612 1716 [ucionensi
628 1631 821 1714 adjutorium
838 1633 939 1696 simile
954 1633 1028 1696 sitsi.

322 1733 365 1798 ll.
388 1733 498 1796 Ollinia
515 1733 628 1796 marito
646 1731 774 1812 propria
788 1743 865 1795 sunt
880 1731 1068 1813 gubernatio

281 1834 477 1909 domestica,
518 1833 612 1896 etiarn
644 1831 755 1894 uxoris
790 1839 943 1912 tanquam
973 1841 1068 1910 caput

282 1935 399 2018 ipsius.
428 1937 487 2018 (ad
511 1934 628 2014 Ephes.
656 1951 685 2007 r,
708 1933 765 2010 233
792 1942 823 1997 et
848 1950 875 1996 c.
890 1932 951 1996 Est
972 1930 1068 2003 ordo,-

283 2051 311 2098 ο..
334 2036 408 2101 Hoc
427 2034 552 2114 ionopor
576 2051 603 2096 c.
640 2030 719 2094 Com
744 2042 860 2113 eaput.
890 2049 984 2096 caiisa
1010 2031 1067 2107 33,

284 2143 396 2216 quest.
412 2135 442 2209 d,
461 2143 491 2196 el
508 2133 670 2197 innumeri
682 2131 750 2208 alii,
773 2131 866 2213 ibid.)
889 2164 928 2182 -
952 2132 1068 2196 Uxoris

283 2233 429 2300 defensio
465 2250 538 2317 ‘lum
569 2232 718 2313 sequitur
748 2233 1000 2298 connaturaliter
1029 2249 1068 2297 ex

282 2334 487 2417 precedenti.

322 2439 376 2502 lll.
398 2434 507 2500 Officia
523 2435 634 2499 nxnris
650 2433 777 2515 propria
798 2444 874 2499 sunt
889 2435 1023 2498 honoris
1038 2443 1069 2497 et

282 2535 1067 2616 obedientisecrgavirumexhibitio,adephesim

282 2637 462 2712 Gulussam,
482 2637 536 2714 185
552 2637 614 2700 Tit.
630 2653 665 2712 ιι,
681 2637 719 2713 ls;
738 2636 838 2700 sancti
855 2635 953 2712 Petri,
968 2635 1067 2712 nrm

281 2754 309 2802 c.
320 2737 504 2808 Mulierem:
518 2755 546 2802 c.
555 2737 735 2809 Saticulae:
746 2753 774 2803 c.
785 2735 883 2800 Atiam
888 2753 948 2816 per
957 2736 1065 2810 Eoum,

282 2855 377 2904 cansa
392 2839 442 2915 33,
459 2849 573 2921 quest.
590 2839 621 2914 tl,
639 2839 786 2920 ejusdem
812 2837 846 2902 in
867 2855 942 2902 cura
958 2836 1005 2902 rei
1020 2835 1067 2898 ia-

281 2941 420 3006 miliaris
433 2942 643 3023 adjutorium,
661 2949 719 3004 etc.

318 3088 406 3166 ΗΠ.
421 3117 457 3130 -
472 3088 510 3145 lle
520 3085 700 3144 dissolutione
714 3083 852 3142 societatis
868 3081 1029 3155 conjugalis.

320 3205 346 3268 l.
356 3203 406 3268 Ob
414 3201 533 3268 notros
542 3217 652 3264 odoros
662 3197 809 3281 (societas
817 3196 996 3278 conjugalis
1011 3195 1068 3257 im-

282 3305 411 3389 proprio
422 3302 556 3366 dissolvi
574 3309 687 3380 potest,
705 3300 736 3363 id
747 3297 1067 3379 cstpeeporotiointer

282 3405 427 3489 conjopee
438 3401 542 3485 pseood
555 3410 671 3476 torum,
683 3417 737 3462 reo
746 3397 849 3481 quood
861 3397 1069 3461 eototttotio-

279 3504 523 3570 aemodcertetm
534 3505 725 3568 incertumve
734 3511 854 3580 tempas
866 3500 993 3562 decerni
1005 3515 1065 3578 po·

280 3598 1068 3679 tntsumrermmidem.ean.&sesentien-

279 3723 332 3770 rcs
355 3712 432 3770 sunt
462 3719 567 3766 causae
587 3700 786 3765 dissolvendi
815 3699 874 3764 tori
892 3722 900 3762 ι
921 3700 953 3762 Si
986 3697 1067 3762 alter

279 3805 397 3889 conjux
409 3805 461 3868 sui
473 3802 702 3884 corrJugislldei
714 3799 906 3881 religionem
920 3813 1066 3871 corrum-

280 3923 355 3988 pere
373 3904 449 3968 eelit
468 3905 516 3966 rel
538 3919 635 3968 suum
650 3900 821 3982 conjugem
837 3896 877 3962 ad
894 3897 1067 3963 infidelita-

278 4004 321 4070 tis
356 4003 547 4068 malelicium
577 4001 729 4074 traxerit,
770 3999 886 4079 polerit
923 3997 1064 4077 separari

278 4102 511 4182 inconsuete.
534 4101 696 4179 Qooest'ot't,
719 4100 765 4163 De
786 4099 958 4178 divortiis.)
973 4098 1065 4177 piluic

163 4243 169 4260 ,
279 4207 391 4286 primae
406 4221 510 4270 causae
525 4204 648 4267 addunt
665 4203 761 4266 aliam
784 4201 937 4272 adulterii
955 4201 994 4281 (c.
1010 4201 1064 4262 Si·

276 4305 446 4387 pnitlroeti
464 4321 491 4368 c.
518 4303 571 4366 En
593 4301 710 4366 litteris
732 4303 805 4368 eod.
826 4301 910 4384 lit.);
936 4318 1063 4366 causam

277 4407 410 4473 haeresis
436 4407 476 4488 (c.
498 4402 625 4479 titillo,
651 4403 970 4484 cumiliacensem
993 4399 1066 4465 silae

276 4505 445 4570 sanctioris
467 4503 506 4566 de
531 4505 701 4582 utriusque
723 4518 884 4566 coissensu
900 4512 938 4582 (c.
955 4501 1067 4581 Scrip-

274 4609 337 4682 sit,
372 4623 467 4670 causa
497 4605 555 4678 27,
578 4613 692 4684 qumst.
724 4600 776 4682 2);
808 4617 935 4665 eausam
970 4601 1065 4678 lepma

275 4711 315 4788 (c.
335 4705 492 4778 Pmoemit,
508 4704 552 4766 De
565 4702 710 4784 conjugio
726 4701 909 4780 leprosor.ls
934 4715 1062 4762 causam

275 4807 408 4871 snritira
427 4804 468 4887 (c.
481 4804 535 4867 Ec
563 4803 770 4870 transmissos
795 4817 824 4864 c.
845 4798 997 4874 Litterae,
1012 4799 1063 4879 {De

274 4905 416 4970 restitut.
444 4901 626 4984 spoliator.)
652 4899 749 4964 Licita
775 4907 824 4961 est
852 4913 949 4979 ergo,
976 4896 1064 4977 Jusla

273 5016 452 5075 emseteme
462 5005 1065 5086 mnea‚sepa1·atioconjugumautper-

275 5121 383 5189 potum
408 5115 464 5172 ant
483 5115 674 5186 temporaria
694 5121 751 5186 pro
775 5106 928 5184 gravitate
944 5119 1060 5178 causas,

272 5225 391 5290 nempe
407 5216 560 5288 perpetua
586 5209 619 5268 in
638 5221 735 5268 eausa
754 5203 919 5277 adulterii,
936 5211 1059 5279 tempo·

272 5314 356 5378 resia
377 5313 413 5376 ln
432 5312 566 5374 ceteris.
595 5310 712 5372 Neutra
731 5323 808 5371 vero
828 5305 957 5386 proprio
976 5306 1063 5368 arni·

272 5417 335 5478 trio
350 5421 400 5476 est
416 5411 612 5484 attentanda,
633 5410 690 5474 sed
715 5418 849 5490 utraque
871 5407 1060 5478 auctoritate

267 5515 402 5598 judicis,
431 5529 527 5577 eausa
560 5510 679 5591 prolata
704 5519 735 5576 et
762 5511 888 5590 cognita
917 5516 966 5574 ast
986 5525 1062 5589 piro—

273 5615 470 5689 nuntianda,
501 5613 549 5676 uti
571 5612 739 5692 multiplici
762 5611 836 5690 jure
857 5621 987 5680 cautum
1012 5619 1060 5672 est

272 5715 362 5778 etin
393 5713 500 5792 specie
526 5730 582 5791 per
611 5728 639 5772 c.
669 5709 862 5780 Sodamus,
886 5726 983 5772 nausa
1007 5711 1060 5785 33,

273 5825 387 5895 quaest.
406 5813 443 5885 23
464 5829 490 5872 e.
513 5809 635 5878 Porro:
650 5827 677 5873 c.
697 5809 741 5872 ite
758 5807 824 5884 iilo,
839 5807 876 5870 de
896 5811 1057 5876 diuortiis.

777 367 890 430 runis
908 361 1087 431 canonici
1106 367 1370 430 comunimus.
1855 369 1900 434 ttl

1123 477 1229 553 Quare
1260 476 1287 540 si
1314 476 1391 540 citra
1409 475 1599 557 judicialem
1620 477 1840 540 auctoritatem
1865 485 1897 542 at

1123 575 1205 642 hanc
1226 577 1463 656 sepmatlonem
1495 583 1702 658 properatum
1727 576 1841 652 luerit,
1863 579 1899 642 ita

1122 676 1273 755 privatim
1296 677 1494 740 divertentes
1509 674 1548 738 ad
1570 673 1820 738 cohabitandum
1840 693 1900 738 rur·

1122 792 1179 839 sus
1194 779 1434 860 suntcogendi.
1457 778 1500 858 (G.
1523 778 1568 839 De
1586 773 1646 840 illo
1661 793 1758 858 supra
1776 772 1845 859 eit.)
1863 778 1899 840 lte

1121 876 1303 958 caterojus
1319 893 1489 942 commune
1506 877 1616 958 probat
1633 893 1762 942 causam
1785 893 1900 956 separa·

1122 976 1220 1040 tionis
1241 994 1280 1042 ex
1301 985 1415 1042 mutuo
1426 994 1589 1042 consensu
1600 976 1630 1041 si
1644 978 1802 1058 conjuges
1816 979 1898 1040 ritum

1122 1075 1307 1156 religiosam
1322 1077 1567 1159 amplectantur,
1580 1087 1635 1142 aut
1647 1080 1694 1141 vir
1708 1079 1900 1141 sacrosordi-
1993 1087 1994 1090 ’

1122 1192 1181 1238 nes
1197 1176 1365 1257 suscipiat.
1380 1180 1475 1243 Facta
1490 1179 1635 1254 demum,
1651 1181 1836 1259 lismataque
1851 1197 1900 1260 per

1117 1275 1238 1355 iudicis
1251 1279 1443 1343 sententiam
1458 1283 1672 1361 separatione,
1686 1289 1791 1343 manet
1805 1289 1898 1344 tamen

1122 1376 1283 1456 integrum
1307 1376 1473 1442 vinculum
1505 1380 1716 1443 substantiale
1746 1378 1899 1442 matrimo-

1123 1476 1181 1548 nii,
1206 1485 1400 1558 manentque
1421 1478 1557 1559 proinde
1582 1479 1757 1561 conjugum
1773 1483 1811 1542 ad
1828 1481 1900 1542 inri-

1093 1592 1189 1648 ,cem
1207 1575 1307 1641 officia
1328 1587 1359 1642 et
1372 1579 1448 1660 jura
1469 1579 1510 1644 iis
1531 1579 1611 1644 solis
1633 1582 1779 1659 exeeptis
1800 1597 1898 1660 quea

1121 1675 1358 1742 collabitutlone
1379 1680 1579 1744 derivantur.
1603 1681 1708 1744 ludex
1732 1698 1810 1744 reso
1824 1696 1899 1746 enm·

1121 1781 1235 1852 petens
1255 1775 1289 1838 in
1315 1774 1503 1858 hrsjtssmodi
1521 1778 1628 1842 causis
1652 1790 1699 1841 est
1717 1789 1900 1842 coornatam-

1121 1871 1194 1936 liter
1213 1874 1398 1956 episcopus,
1414 1877 1526 1958 ejusve
1550 1897 1589 1942 et
1610 1879 1760 1942 mandmo
1779 1880 1898 1958 speciali
1993 1917 1994 1920 =

1121 1975 1274 2039 vicarius.
1308 1977 1472 2056 (trident.
1501 1995 1584 2043 sess.
1614 1978 1674 2056 et,
1703 1979 1750 2042 De
1781 1982 1898 2061 return.
1993 1971 1994 2032 l

1120 2090 1149 2137 c.
1162 2075 1226 2157 20.)
1246 2077 1358 2141 Causa
1379 2095 1454 2142 sero
1476 2080 1544 2144 istm
1563 2083 1646 2144 sicat
1670 2096 1788 2145 omnies
1804 2081 1900 2143 matri·

1121 2178 1278 2242 moniales
1296 2180 1464 2242 summarie
1485 2190 1560 2244 sunt
1576 2181 1750 2244 tractandas
1767 2189 1800 2242 et
1813 2197 1899 2260 quam

1120 2275 1310 2342 brevissime
1344 2281 1558 2360 expromenda
1586 2279 1899 2363 (ClemDiapeniio-

1119 2396 1196 2453 aom,
1211 2380 1256 2441 De
1267 2378 1385 2464 judie.)

1159 2482 1200 2544 ll.
1217 2483 1357 2544 Societas
1377 2482 1643 2564 coirjugalis,seu
1663 2482 1897 2547 matrimonium

1119 2581 1159 2645 ab
1179 2581 1364 2646 infidelibus
1380 2583 1522 2664 legitima
1543 2592 1742 2648 contractum
1775 2584 1898 2646 dissolri

1120 2693 1225 2764 potest
1239 2685 1344 2765 quoad
1367 2685 1544 2760 vinculum,
1561 2687 1589 2750 si
1601 2687 1759 2750 alterutro
1773 2687 1899 2766 corrjuge

1121 2785 1273 2848 culidem
1302 2803 1471 2863 converse,
1492 2787 1575 2849 olter
1593 2787 1643 2849 oel
1678 2786 1771 2850 nollo
1807 2787 1899 2863 motio,

1118 2885 1166 2946 oel
1189 2901 1254 2945 non
1270 2885 1338 2946 aine
1359 2884 1551 2966 otaepnenla
1573 2885 1673 2950 diuini
1690 2888 1843 2960 nominis,
1858 2887 1899 2948 orl

1118 2985 1246 3047 nonnisi
1272 2995 1308 3047 ut
1333 2985 1779 3064 sompertroltotodmortnle
1801 3005 1897 3067 peteo

1120 3094 1196 3161 tom,
1212 3088 1241 3149 ei
1255 3086 1432 3148 coiolitore
1451 3085 1537 3148 velit.
1553 3089 1667 3168 (Textu
1689 3103 1855 3169 expresso,
1870 3087 1898 3149 iu

1121 3207 1149 3252 e.
1165 3187 1302 3266 Quanto,
1318 3187 1355 3250 de
1367 3188 1530 3263 diuortiis3
1545 3197 1575 3252 et
1589 3209 1617 3252 c.
1628 3187 1820 3263 (innatamus,
1833 3190 1897 3252 end.
1992 3273 1993 3276 Ἴ

1120 3291 1182 3369 til.)
1209 3291 1378 3356 Confirmat
1393 3292 1567 3372 Gregorius
1591 3293 1681 3366 Xlll,
1700 3301 1807 3354 const.
1826 3289 1900 3368 Quo
1992 3307 1993 3376 l

1118 3393 1203 3456 niam
1218 3410 1309 3475 eope,
1328 3402 1359 3456 et
1377 3394 1542 3472 proastilices
1557 3393 1612 3455 alii
1630 3393 1752 3473 plures,
1772 3411 1830 3456 nec
1842 3409 1896 3454 iton

1119 3491 1254 3558 infinitas
1273 3494 1503 3575 responsiones
1521 3511 1600 3557 sacr.
1617 3510 1727 3574 congr.
1743 3493 1897 3572 Consilii.)
1992 3531 1993 3600 p

1158 3594 1339 3658 «Diximus
1360 3596 1599 3659 matrimonium
1618 3597 1807 3677 hujusmodi
1843 3593 1900 3656 dio·
1992 3601 1993 3678 l

1118 3691 1302 3774 toiripoese
1321 3695 1355 3758 in
1378 3695 1497 3776 triplici
1522 3696 1689 3760 enuntiato
1720 3713 1811 3772 casu,
1841 3713 1897 3758 non

1117 3806 1224 3858 autem
1250 3795 1332 3859 illud
1347 3797 1419 3876 ipso
1439 3797 1531 3869 laeto,
1550 3797 1661 3878 aliquo
1678 3816 1719 3860 ex
1738 3798 1791 3860 his
1804 3798 1898 3861 exsis-

1118 3902 1217 3968 tente,
1261 3895 1413 3960 dissolvi.
1450 3896 1537 3972 Quin
1567 3914 1623 3976 per
1646 3915 1682 3959 se
1704 3906 1736 3959 ct
1753 3897 1897 3975 regulari·

1118 4005 1166 4061 ter
1200 3997 1362 4079 loquendo
1400 4015 1471 4078 pars
1499 3998 1640 4062 infidelis
1673 4001 1898 4079 interpellanda

1118 4107 1164 4160 est
1189 4099 1323 4162 anteiit
1354 4099 1483 4177 pactiles
1524 4098 1706 4163 cohabitare
1734 4111 1896 4180 antequam

1117 4217 1294 4264 correersus
1319 4201 1358 4264 ml
1389 4217 1508 4264 nurum
1534 4201 1780 4264 matrimonium
1806 4203 1897 4282 possit

1117 4303 1305 4384 procedere.
1323 4304 1366 4383 (S.
1382 4319 1493 4382 cottgr.
1508 4304 1592 4382 apud
1618 4303 1795 4366 Bennoscr.
1818 4303 1895 4378 xtt,

1118 4411 1225 4483 quest,
1238 4402 1293 4466 ult
1308 4424 1318 4478 ς
1332 4413 1364 4468 et
1386 4404 1430 4465 De
1445 4404 1555 4484 synoti.
1571 4402 1661 4465 dioc.
1676 4404 1733 4466 lib.
1759 4405 1810 4480 13,
1833 4421 1894 4485 cap.

1116 4504 1181 4585 il.)
1207 4504 1241 4567 Si
1260 4505 1425 4568 osuitlatur
1452 4505 1669 4588 interpellatio
1688 4507 1896 4588 judicandum

1117 4604 1188 4674 erit,
1218 4604 1388 4680 aitCnllet,
1411 4622 1444 4668 n.
1468 4607 1519 4679 ed,
1549 4607 1822 4683 quemadmodum
1847 4607 1895 4686 ju·

1117 4705 1241 4768 dicatur
1268 4706 1398 4784 quando
1414 4707 1490 4786 quis
1508 4707 1568 4770 init
1599 4697 1840 4772 matrimonium
1856 4711 1891 4772 do

1116 4813 1217 4869 morte
1243 4807 1357 4884 prioris
1405 4806 1552 4888 conjugis
1589 4825 1654 4872 nnn
1683 4811 1763 4872 satis
1782 4821 1893 4874 certus.

1116 4905 1302 4969 l'alebilrel
1332 4906 1460 4970 irritum
1485 4907 1545 4971 erit
1568 4919 1663 4988 prout
1692 4911 1792 4974 altera
1830 4927 1894 4990 pars
1991 4985 1992 4992 ἵ

1116 5005 1340 5069 eonsentittel
1363 5007 1525 5071 dissentit.
1561 5009 1592 5071 Si
1625 5009 1679 5072 illa
1716 5008 1894 5092 interpella·
1991 4995 1992 5084 f

1116 5106 1160 5169 tio
1185 5104 1228 5169 sit
1250 5107 1412 5170 moraliter
1427 5108 1640 5189 impossibilis
1661 5111 1766 5174 omitti
1784 5118 1893 5188 potest,

1114 5203 1226 5268 saltem
1242 5224 1315 5269 cum
1331 5209 1575 5288 dispensatione
1604 5210 1707 5274 uncti
1741 5209 1893 5288 pontilicis

1115 5325 1142 5370 v.
1166 5307 1260 5386 gnei
1279 5308 1446 5388 ignoretur
1463 5308 1593 5372 ubinam
1614 5311 1657 5372 sil
1687 5311 1819 5390 conjux,
1850 5303 1894 5370 rel

1115 5425 1303 5488 responsum
1319 5410 1359 5472 ab
1384 5427 1423 5474 eo
1444 5409 1554 5474 halseri
1578 5428 1641 5475 nou
1673 5413 1785 5492 possit,
1811 5435 1826 5468 ι
1853 5410 1893 5472 lle

1113 5511 1182 5592 ipsa
1199 5513 1428 5590 dispensarunt
1444 5513 1554 5591 plures
1578 5513 1696 5576 summi
1734 5514 1893 5594 pontillees
1991 5521 1992 5608 p

1114 5629 1177 5676 non
1190 5614 1320 5694 quidem
1335 5613 1492 5676 solvendo
1506 5615 1757 5688 matrimonium,
1772 5615 1815 5676 ait
1838 5613 1891 5672 lle·
1991 5615 1992 5698 l

1116 5713 1234 5777 nciliet.
1252 5714 1336 5789 xlv,
1356 5715 1399 5774 De
1427 5712 1539 5792 opnod.
1569 5713 1660 5778 tiioec.
1691 5714 1748 5777 lib.
1765 5713 1891 5786 xlllr.
1991 5709 1992 5788 l

1114 5815 1164 5888 et,
1193 5815 1283 5889 nlo„
1308 5816 1363 5878 sed
1385 5813 1625 5896 interpretando
1652 5817 1707 5898 jus
1737 5815 1890 5882 divinum.
1991 5823 1992 5874 1
