<?xml version="1.0" encoding="UTF-8"?>
<!DOCTYPE html PUBLIC "-//W3C//DTD XHTML 1.0 Transitional//EN"
    "http://www.w3.org/TR/xhtml1/DTD/xhtml1-transitional.dtd">
<html xmlns="http://www.w3.org/1999/xhtml" xml:lang="en" lang="en">
 <head>
  <title>
</title>
<meta http-equiv="Content-Type" content="text/html;charset=utf-8" />
  <meta name='ocr-system' content='tesseract 3.04.00' />
  <meta name='ocr-capabilities' content='ocr_page ocr_carea ocr_par ocr_line ocrx_word'/>
</head>
<body>
  <div class='ocr_page' id='page_1' title='image "./juriscanoniciun01maupgoog/juriscanoniciun01maupgoog_0503.png"; bbox 0 0 4098 6448; ppageno 0'>
   <div class='ocr_carea' id='block_1_1' title="bbox 338 393 1938 472">
    <p class='ocr_par' dir='ltr' id='par_1_1' title="bbox 338 393 1938 472">
     <span class='ocr_line' id='line_1_1' title="bbox 338 393 1938 472; baseline 0.006 -10"><span class='ocrx_word' id='word_1_1' title='bbox 338 394 388 464; x_wconf 70' lang='grc'><strong>991</strong></span> <span class='ocrx_word' id='word_1_2' title='bbox 867 398 981 462; x_wconf 80' lang='lat' dir='ltr'><strong>tulus</strong></span> <span class='ocrx_word' id='word_1_3' title='bbox 997 393 1176 460; x_wconf 80' lang='lat' dir='ltr'><strong>canonici</strong></span> <span class='ocrx_word' id='word_1_4' title='bbox 1195 395 1457 462; x_wconf 71' lang='lat' dir='ltr'><strong>conuenerunt.</strong></span> <span class='ocrx_word' id='word_1_5' title='bbox 1897 407 1938 472; x_wconf 80' lang='lat' dir='ltr'><strong>uit</strong></span> 
     </span>
    </p>
   </div>
   <div class='ocr_carea' id='block_1_2' title="bbox 339 507 1940 2818">
    <p class='ocr_par' dir='ltr' id='par_1_2' title="bbox 339 507 1940 2818">
     <span class='ocr_line' id='line_1_2' title="bbox 341 507 1937 592; baseline 0.003 -18"><span class='ocrx_word' id='word_1_6' title='bbox 341 531 343 541; x_wconf 93' lang='lat'>·</span> <span class='ocrx_word' id='word_1_7' title='bbox 377 507 1128 589; x_wconf 77' lang='lat' dir='ltr'><strong>3.incurruntinlamierniurisextrareg.8nne.</strong></span> <span class='ocrx_word' id='word_1_8' title='bbox 1179 507 1484 592; x_wconf 75' lang='lat' dir='ltr'><strong>otmunt-nanto</strong></span> <span class='ocrx_word' id='word_1_9' title='bbox 1511 507 1645 573; x_wconf 90' lang='lat' dir='ltr'><strong>nomine</strong></span> <span class='ocrx_word' id='word_1_10' title='bbox 1673 507 1937 590; x_wconf 73' lang='lat' dir='ltr'><strong>beneficiinonrc-</strong></span> 
     </span>
     <span class='ocr_line' id='line_1_3' title="bbox 339 606 1936 694; baseline 0.005 -18"><span class='ocrx_word' id='word_1_11' title='bbox 339 613 462 677; x_wconf 80' lang='lat' dir='ltr'><strong>Barim.</strong></span> <span class='ocrx_word' id='word_1_12' title='bbox 473 619 505 676; x_wconf 88' lang='lat' dir='ltr'><strong>et</strong></span> <span class='ocrx_word' id='word_1_13' title='bbox 515 627 648 694; x_wconf 82' lang='lat' dir='ltr'><strong>conseq.</strong></span> <span class='ocrx_word' id='word_1_14' title='bbox 665 611 744 675; x_wconf 88' lang='lat' dir='ltr'><strong>llnnt</strong></span> <span class='ocrx_word' id='word_1_15' title='bbox 760 610 965 690; x_wconf 89' lang='lat' dir='ltr'><strong>irregulares,</strong></span> <span class='ocrx_word' id='word_1_16' title='bbox 978 608 1090 672; x_wconf 90' lang='lat' dir='ltr'><strong>saltem</strong></span> <span class='ocrx_word' id='word_1_17' title='bbox 1101 606 1130 670; x_wconf 91' lang='lat' dir='ltr'><strong>si</strong></span> <span class='ocrx_word' id='word_1_18' title='bbox 1180 612 1275 672; x_wconf 91' lang='lat' dir='ltr'><strong>ninnt</strong></span> <span class='ocrx_word' id='word_1_19' title='bbox 1286 627 1357 691; x_wconf 80' lang='lat' dir='ltr'><strong>quar</strong></span> <span class='ocrx_word' id='word_1_20' title='bbox 1372 610 1555 674; x_wconf 89' lang='lat' dir='ltr'><strong>consistunt</strong></span> <span class='ocrx_word' id='word_1_21' title='bbox 1571 609 1604 672; x_wconf 91' lang='lat' dir='ltr'><strong>in</strong></span> <span class='ocrx_word' id='word_1_22' title='bbox 1618 610 1705 673; x_wconf 87' lang='lat' dir='ltr'><strong>nuda</strong></span> <span class='ocrx_word' id='word_1_23' title='bbox 1737 614 1936 684; x_wconf 84' lang='lat' dir='ltr'><strong>commissione</strong></span> 
     </span>
     <span class='ocr_line' id='line_1_4' title="bbox 340 709 1938 792; baseline 0.002 -16"><span class='ocrx_word' id='word_1_24' title='bbox 340 713 463 776; x_wconf 85' lang='lat' dir='ltr'><strong>crimen</strong></span> <span class='ocrx_word' id='word_1_25' title='bbox 478 713 521 776; x_wconf 84' lang='lat' dir='ltr'><strong>ait</strong></span> <span class='ocrx_word' id='word_1_26' title='bbox 543 714 709 778; x_wconf 91' lang='lat' dir='ltr'><strong>notorium</strong></span> <span class='ocrx_word' id='word_1_27' title='bbox 737 712 929 776; x_wconf 87' lang='lat' dir='ltr'><strong>notorietato</strong></span> <span class='ocrx_word' id='word_1_28' title='bbox 960 709 1046 792; x_wconf 81' lang='lat' dir='ltr'><strong>juris</strong></span> <span class='ocrx_word' id='word_1_29' title='bbox 1076 715 1132 773; x_wconf 90' lang='lat' dir='ltr'><strong>aut</strong></span> <span class='ocrx_word' id='word_1_30' title='bbox 1178 710 1217 772; x_wconf 88' lang='lat' dir='ltr'><strong>ad</strong></span> <span class='ocrx_word' id='word_1_31' title='bbox 1251 717 1365 772; x_wconf 90' lang='lat' dir='ltr'><strong>nutum</strong></span> <span class='ocrx_word' id='word_1_32' title='bbox 1392 709 1579 784; x_wconf 76' lang='lat' dir='ltr'><strong>reaccendi,</strong></span> <span class='ocrx_word' id='word_1_33' title='bbox 1607 723 1667 774; x_wconf 87' lang='lat' dir='ltr'><strong>nee</strong></span> <span class='ocrx_word' id='word_1_34' title='bbox 1695 709 1869 788; x_wconf 79' lang='lat' dir='ltr'>pensiones,</span> <span class='ocrx_word' id='word_1_35' title='bbox 1893 735 1938 783; x_wconf 88' lang='lat' dir='ltr'><strong>nec</strong></span> 
     </span>
     <span class='ocr_line' id='line_1_5' title="bbox 339 807 1938 890; baseline 0.003 -16"><span class='ocrx_word' id='word_1_36' title='bbox 339 813 424 879; x_wconf 87' lang='lat' dir='ltr'><strong>lecti.</strong></span> <span class='ocrx_word' id='word_1_37' title='bbox 1181 808 1307 874; x_wconf 80' lang='lat' dir='ltr'><strong>vinarias</strong></span> <span class='ocrx_word' id='word_1_38' title='bbox 1323 809 1526 890; x_wconf 68' lang='lat' dir='ltr'><strong>temporales,</strong></span> <span class='ocrx_word' id='word_1_39' title='bbox 1547 825 1668 873; x_wconf 89' lang='lat' dir='ltr'><strong>monus</strong></span> <span class='ocrx_word' id='word_1_40' title='bbox 1683 807 1883 889; x_wconf 69' lang='lat' dir='ltr'><strong>inquisitoris,</strong></span> <span class='ocrx_word' id='word_1_41' title='bbox 1900 817 1938 878; x_wconf 89' lang='lat' dir='ltr'><strong>le·</strong></span> 
     </span>
     <span class='ocr_line' id='line_1_6' title="bbox 381 910 1929 996; baseline 0.002 -21"><span class='ocrx_word' id='word_1_42' title='bbox 381 912 566 994; x_wconf 72' lang='lat' dir='ltr'><strong>Excipitur,</strong></span> <span class='ocrx_word' id='word_1_43' title='bbox 592 915 680 996; x_wconf 92' lang='lat' dir='ltr'><strong>qnod</strong></span> <span class='ocrx_word' id='word_1_44' title='bbox 704 931 804 996; x_wconf 84' lang='lat' dir='ltr'><strong>pmuce</strong></span> <span class='ocrx_word' id='word_1_45' title='bbox 828 912 898 977; x_wconf 80' lang='lat' dir='ltr'><strong>iste</strong></span> <span class='ocrx_word' id='word_1_46' title='bbox 931 912 1037 978; x_wconf 88' lang='lat' dir='ltr'><strong>locum</strong></span> <span class='ocrx_word' id='word_1_47' title='bbox 1065 929 1130 977; x_wconf 92' lang='lat' dir='ltr'><strong>non</strong></span> <span class='ocrx_word' id='word_1_48' title='bbox 1179 911 1256 992; x_wconf 83' lang='lat' dir='ltr'><strong>goti,</strong></span> <span class='ocrx_word' id='word_1_49' title='bbox 1287 910 1441 992; x_wconf 87' lang='lat' dir='ltr'><strong>delegati,</strong></span> <span class='ocrx_word' id='word_1_50' title='bbox 1458 925 1532 992; x_wconf 81' lang='lat' dir='ltr'><strong>qnae</strong></span> <span class='ocrx_word' id='word_1_51' title='bbox 1551 926 1615 972; x_wconf 95' lang='lat' dir='ltr'><strong>non</strong></span> <span class='ocrx_word' id='word_1_52' title='bbox 1631 917 1709 972; x_wconf 91' lang='lat' dir='ltr'><strong>sunt</strong></span> <span class='ocrx_word' id='word_1_53' title='bbox 1724 911 1868 976; x_wconf 82' lang='lat' dir='ltr'><strong>beneflcio</strong></span> <span class='ocrx_word' id='word_1_54' title='bbox 1884 931 1929 994; x_wconf 91' lang='lat' dir='ltr'><strong>pro</strong></span> 
     </span>
     <span class='ocr_line' id='line_1_7' title="bbox 340 1010 1938 1098; baseline -0.001 -18"><span class='ocrx_word' id='word_1_55' title='bbox 340 1016 478 1080; x_wconf 84' lang='lat' dir='ltr'><strong>habent:</strong></span> <span class='ocrx_word' id='word_1_56' title='bbox 509 1018 539 1078; x_wconf 91' lang='lat'><strong>1·</strong></span> <span class='ocrx_word' id='word_1_57' title='bbox 561 1018 699 1093; x_wconf 78' lang='lat' dir='ltr'>Quando</span> <span class='ocrx_word' id='word_1_58' title='bbox 720 1017 888 1098; x_wconf 86' lang='lat' dir='ltr'><strong>ingressos</strong></span> <span class='ocrx_word' id='word_1_59' title='bbox 917 1032 974 1096; x_wconf 90' lang='lat' dir='ltr'><strong>per</strong></span> <span class='ocrx_word' id='word_1_60' title='bbox 1002 1013 1129 1095; x_wconf 87' lang='lat' dir='ltr'><strong>proles·</strong></span> <span class='ocrx_word' id='word_1_61' title='bbox 1180 1011 1249 1094; x_wconf 92' lang='lat' dir='ltr'><strong>prie</strong></span> <span class='ocrx_word' id='word_1_62' title='bbox 1264 1013 1347 1078; x_wconf 87' lang='lat' dir='ltr'><strong>dicta</strong></span> <span class='ocrx_word' id='word_1_63' title='bbox 1361 1020 1392 1075; x_wconf 94' lang='lat' dir='ltr'><strong>et</strong></span> <span class='ocrx_word' id='word_1_64' title='bbox 1406 1011 1481 1074; x_wconf 88' lang='lat' dir='ltr'><strong>hine</strong></span> <span class='ocrx_word' id='word_1_65' title='bbox 1508 1012 1569 1074; x_wconf 91' lang='lat' dir='ltr'><strong>etsi</strong></span> <span class='ocrx_word' id='word_1_66' title='bbox 1583 1010 1755 1075; x_wconf 88' lang='lat' dir='ltr'><strong>simoniam</strong></span> <span class='ocrx_word' id='word_1_67' title='bbox 1781 1015 1938 1094; x_wconf 86' lang='lat' dir='ltr'><strong>committat,</strong></span> 
     </span>
     <span class='ocr_line' id='line_1_8' title="bbox 340 1111 1939 1194; baseline 0.001 -15"><span class='ocrx_word' id='word_1_68' title='bbox 340 1117 466 1180; x_wconf 87' lang='lat' dir='ltr'><strong>sionem</strong></span> <span class='ocrx_word' id='word_1_69' title='bbox 481 1126 722 1183; x_wconf 85' lang='lat' dir='ltr'><strong>consummatus</strong></span> <span class='ocrx_word' id='word_1_70' title='bbox 739 1133 803 1180; x_wconf 90' lang='lat' dir='ltr'><strong>nen</strong></span> <span class='ocrx_word' id='word_1_71' title='bbox 822 1123 883 1181; x_wconf 89' lang='lat' dir='ltr'><strong>est.</strong></span> <span class='ocrx_word' id='word_1_72' title='bbox 899 1151 937 1164; x_wconf 89' lang='lat'><strong>-</strong></span> <span class='ocrx_word' id='word_1_73' title='bbox 949 1115 1130 1192; x_wconf 58' lang='lat' dir='ltr'><strong>donando</strong></span> <span class='ocrx_word' id='word_1_74' title='bbox 1179 1114 1237 1194; x_wconf 92' lang='lat' dir='ltr'><strong>qni</strong></span> <span class='ocrx_word' id='word_1_75' title='bbox 1256 1114 1346 1190; x_wconf 89' lang='lat' dir='ltr'><strong>emit,</strong></span> <span class='ocrx_word' id='word_1_76' title='bbox 1377 1120 1432 1176; x_wconf 86' lang='lat' dir='ltr'><strong>aul</strong></span> <span class='ocrx_word' id='word_1_77' title='bbox 1464 1111 1577 1176; x_wconf 82' lang='lat' dir='ltr'><strong>renuit</strong></span> <span class='ocrx_word' id='word_1_78' title='bbox 1604 1111 1794 1194; x_wconf 80' lang='lat' dir='ltr'><strong>pensionem</strong></span> <span class='ocrx_word' id='word_1_79' title='bbox 1811 1113 1939 1192; x_wconf 89' lang='lat' dir='ltr'><strong>spiritua·</strong></span> 
     </span>
     <span class='ocr_line' id='line_1_9' title="bbox 340 1214 1938 1299; baseline 0.002 -19"><span class='ocrx_word' id='word_1_80' title='bbox 340 1218 463 1299; x_wconf 89' lang='lat' dir='ltr'><strong>aliquid</strong></span> <span class='ocrx_word' id='word_1_81' title='bbox 487 1227 602 1297; x_wconf 89' lang='lat' dir='ltr'><strong>sponte</strong></span> <span class='ocrx_word' id='word_1_82' title='bbox 626 1221 841 1288; x_wconf 64' lang='lat' dir='ltr'><strong>attentassent</strong></span> <span class='ocrx_word' id='word_1_83' title='bbox 865 1218 960 1281; x_wconf 85' lang='lat' dir='ltr'><strong>etiam</strong></span> <span class='ocrx_word' id='word_1_84' title='bbox 987 1219 1130 1296; x_wconf 86' lang='lat' dir='ltr'><strong>exigitur</strong></span> <span class='ocrx_word' id='word_1_85' title='bbox 1180 1216 1259 1291; x_wconf 90' lang='lat' dir='ltr'><strong>lem,</strong></span> <span class='ocrx_word' id='word_1_86' title='bbox 1276 1223 1332 1280; x_wconf 86' lang='lat' dir='ltr'><strong>ant</strong></span> <span class='ocrx_word' id='word_1_87' title='bbox 1357 1215 1510 1280; x_wconf 83' lang='lat' dir='ltr'><strong>vicariam</strong></span> <span class='ocrx_word' id='word_1_88' title='bbox 1541 1214 1764 1296; x_wconf 72' lang='lat' dir='ltr'><strong>temporalem,</strong></span> <span class='ocrx_word' id='word_1_89' title='bbox 1781 1223 1938 1282; x_wconf 89' lang='lat' dir='ltr'><strong>rrontanen</strong></span> 
     </span>
     <span class='ocr_line' id='line_1_10' title="bbox 340 1318 1940 1400; baseline -0.001 -19"><span class='ocrx_word' id='word_1_90' title='bbox 340 1318 379 1381; x_wconf 89' lang='lat' dir='ltr'><strong>ad</strong></span> <span class='ocrx_word' id='word_1_91' title='bbox 404 1319 673 1382; x_wconf 72' lang='lat' dir='ltr'><strong>sustentationem</strong></span> <span class='ocrx_word' id='word_1_92' title='bbox 690 1319 826 1398; x_wconf 80' lang='lat' dir='ltr'><strong>professi</strong></span> <span class='ocrx_word' id='word_1_93' title='bbox 844 1335 882 1381; x_wconf 83' lang='lat' dir='ltr'><strong>ex</strong></span> <span class='ocrx_word' id='word_1_94' title='bbox 901 1319 1034 1398; x_wconf 87' lang='lat' dir='ltr'><strong>antiqua</strong></span> <span class='ocrx_word' id='word_1_95' title='bbox 1049 1333 1126 1381; x_wconf 89' lang='lat' dir='ltr'><strong>uon-</strong></span> <span class='ocrx_word' id='word_1_96' title='bbox 1180 1322 1564 1400; x_wconf 69' lang='lat' dir='ltr'><strong>excommunicationem,</strong></span> <span class='ocrx_word' id='word_1_97' title='bbox 1595 1319 1644 1384; x_wconf 80' lang='lat' dir='ltr'><strong>vel</strong></span> <span class='ocrx_word' id='word_1_98' title='bbox 1660 1320 1740 1386; x_wconf 86' lang='lat' dir='ltr'><strong>alios</strong></span> <span class='ocrx_word' id='word_1_99' title='bbox 1769 1335 1868 1399; x_wconf 79' lang='lat' dir='ltr'><strong>ponas</strong></span> <span class='ocrx_word' id='word_1_100' title='bbox 1891 1339 1940 1386; x_wconf 74' lang='lat' dir='ltr'><strong>noc</strong></span> 
     </span>
     <span class='ocr_line' id='line_1_11' title="bbox 340 1417 1552 1499; baseline 0.003 -17"><span class='ocrx_word' id='word_1_101' title='bbox 340 1419 581 1483; x_wconf 76' lang='lat' dir='ltr'><strong>suetudine-</strong></span> <span class='ocrx_word' id='word_1_102' title='bbox 613 1417 643 1480; x_wconf 72' lang='lat'><strong>3⁶</strong></span> <span class='ocrx_word' id='word_1_103' title='bbox 671 1420 729 1482; x_wconf 88' lang='lat' dir='ltr'><strong>ilbi</strong></span> <span class='ocrx_word' id='word_1_104' title='bbox 762 1428 883 1484; x_wconf 78' lang='lat' dir='ltr'><strong>extrav.</strong></span> <span class='ocrx_word' id='word_1_105' title='bbox 917 1419 985 1494; x_wconf 80' lang='lat' dir='ltr'><strong>cit,</strong></span> <span class='ocrx_word' id='word_1_106' title='bbox 1022 1417 1129 1499; x_wconf 89' lang='lat' dir='ltr'><strong>quoad</strong></span> <span class='ocrx_word' id='word_1_107' title='bbox 1181 1420 1366 1486; x_wconf 79' lang='lat' dir='ltr'><strong>referendas</strong></span> <span class='ocrx_word' id='word_1_108' title='bbox 1381 1421 1552 1487; x_wconf 88' lang='lat' dir='ltr'><strong>contrahit.</strong></span> 
     </span>
     <span class='ocr_line' id='line_1_12' title="bbox 341 1519 1940 1602; baseline 0 -17"><span class='ocrx_word' id='word_1_109' title='bbox 341 1536 465 1602; x_wconf 78' lang='lat' dir='ltr'><strong>prmnarn</strong></span> <span class='ocrx_word' id='word_1_110' title='bbox 499 1519 846 1584; x_wconf 82' lang='lat' dir='ltr'><strong>excommunicationis</strong></span> <span class='ocrx_word' id='word_1_111' title='bbox 887 1537 951 1584; x_wconf 92' lang='lat' dir='ltr'><strong>non</strong></span> <span class='ocrx_word' id='word_1_112' title='bbox 987 1528 1036 1583; x_wconf 90' lang='lat' dir='ltr'><strong>est</strong></span> <span class='ocrx_word' id='word_1_113' title='bbox 1068 1536 1130 1584; x_wconf 86' lang='lat' dir='ltr'><strong>usn</strong></span> <span class='ocrx_word' id='word_1_114' title='bbox 1218 1527 1248 1588; x_wconf 77' lang='lat'><strong>2.</strong></span> <span class='ocrx_word' id='word_1_115' title='bbox 1271 1520 1940 1602; x_wconf 65' lang='lat' dir='ltr'><strong>Eleetio,confirmatioinstitotio,etque</strong></span> 
     </span>
     <span class='ocr_line' id='line_1_13' title="bbox 341 1621 1938 1706; baseline 0.002 -23"><span class='ocrx_word' id='word_1_116' title='bbox 341 1628 482 1700; x_wconf 78' lang='lat' dir='ltr'><strong>recepta.</strong></span> <span class='ocrx_word' id='word_1_117' title='bbox 1180 1627 1230 1689; x_wconf 86' lang='lat' dir='ltr'><strong>vis</strong></span> <span class='ocrx_word' id='word_1_118' title='bbox 1253 1626 1315 1690; x_wconf 84' lang='lat' dir='ltr'><strong>alia</strong></span> <span class='ocrx_word' id='word_1_119' title='bbox 1341 1625 1545 1706; x_wconf 82' lang='lat' dir='ltr'><strong>provisioad</strong></span> <span class='ocrx_word' id='word_1_120' title='bbox 1576 1623 1781 1698; x_wconf 82' lang='lat' dir='ltr'><strong>lrenelieium,</strong></span> <span class='ocrx_word' id='word_1_121' title='bbox 1815 1621 1938 1702; x_wconf 83' lang='lat' dir='ltr'><strong>olicino,</strong></span> 
     </span>
     <span class='ocr_line' id='line_1_14' title="bbox 379 1721 1940 1808; baseline 0.003 -23"><span class='ocrx_word' id='word_1_122' title='bbox 379 1721 540 1799; x_wconf 84' lang='lat' dir='ltr'><strong>Vll.Quoe</strong></span> <span class='ocrx_word' id='word_1_123' title='bbox 556 1739 655 1802; x_wconf 82' lang='lat' dir='ltr'><strong>pene</strong></span> <span class='ocrx_word' id='word_1_124' title='bbox 682 1723 895 1784; x_wconf 79' lang='lat' dir='ltr'><strong>incurrantur</strong></span> <span class='ocrx_word' id='word_1_125' title='bbox 928 1721 1131 1803; x_wconf 81' lang='lat' dir='ltr'><strong>perordinat</strong></span> <span class='ocrx_word' id='word_1_126' title='bbox 1180 1727 1382 1808; x_wconf 88' lang='lat' dir='ltr'><strong>dignitatem,</strong></span> <span class='ocrx_word' id='word_1_127' title='bbox 1412 1733 1486 1802; x_wconf 81' lang='lat' dir='ltr'><strong>eto,</strong></span> <span class='ocrx_word' id='word_1_128' title='bbox 1515 1724 1777 1797; x_wconf 88' lang='lat' dir='ltr'><strong>ecclesiasticam,</strong></span> <span class='ocrx_word' id='word_1_129' title='bbox 1817 1732 1860 1787; x_wconf 88' lang='lat' dir='ltr'><strong>est</strong></span> <span class='ocrx_word' id='word_1_130' title='bbox 1886 1723 1940 1804; x_wconf 91' lang='lat' dir='ltr'><strong>ipso</strong></span> 
     </span>
     <span class='ocr_line' id='line_1_15' title="bbox 340 1823 1940 1910; baseline 0.005 -26"><span class='ocrx_word' id='word_1_131' title='bbox 340 1823 511 1886; x_wconf 82' lang='lat' dir='ltr'><strong>cinconioce</strong></span> <span class='ocrx_word' id='word_1_132' title='bbox 542 1833 715 1904; x_wconf 84' lang='lat' dir='ltr'><strong>susceptor,</strong></span> <span class='ocrx_word' id='word_1_133' title='bbox 751 1823 799 1886; x_wconf 86' lang='lat' dir='ltr'><strong>ccl</strong></span> <span class='ocrx_word' id='word_1_134' title='bbox 836 1823 1045 1887; x_wconf 82' lang='lat' dir='ltr'><strong>collctoct-</strong></span> <span class='ocrx_word' id='word_1_135' title='bbox 1066 1825 1128 1900; x_wconf 85' lang='lat' dir='ltr'><strong>Qui</strong></span> <span class='ocrx_word' id='word_1_136' title='bbox 1176 1828 1375 1910; x_wconf 85' lang='lat' dir='ltr'><strong>jurenulla,</strong></span> <span class='ocrx_word' id='word_1_137' title='bbox 1398 1827 1441 1891; x_wconf 90' lang='lat' dir='ltr'><strong>ita</strong></span> <span class='ocrx_word' id='word_1_138' title='bbox 1462 1835 1568 1909; x_wconf 76' lang='lat' dir='ltr'><strong>utprcr</strong></span> <span class='ocrx_word' id='word_1_139' title='bbox 1589 1825 1940 1907; x_wconf 85' lang='lat' dir='ltr'><strong>eamprovisnsnnllnn</strong></span> 
     </span>
     <span class='ocr_line' id='line_1_16' title="bbox 341 1923 1940 2012; baseline 0.003 -26"><span class='ocrx_word' id='word_1_140' title='bbox 341 1923 517 1986; x_wconf 87' lang='lat' dir='ltr'><strong>simoniace</strong></span> <span class='ocrx_word' id='word_1_141' title='bbox 540 1923 682 2004; x_wconf 89' lang='lat' dir='ltr'><strong>aliquem</strong></span> <span class='ocrx_word' id='word_1_142' title='bbox 700 1926 840 1999; x_wconf 88' lang='lat' dir='ltr'><strong>ordinet,</strong></span> <span class='ocrx_word' id='word_1_143' title='bbox 855 1925 907 1990; x_wconf 88' lang='lat' dir='ltr'><strong>vel</strong></span> <span class='ocrx_word' id='word_1_144' title='bbox 937 1925 976 1989; x_wconf 87' lang='lat' dir='ltr'><strong>ad</strong></span> <span class='ocrx_word' id='word_1_145' title='bbox 993 1923 1128 1988; x_wconf 85' lang='lat' dir='ltr'><strong>ordines</strong></span> <span class='ocrx_word' id='word_1_146' title='bbox 1177 1929 1232 2010; x_wconf 87' lang='lat' dir='ltr'><strong>jars</strong></span> <span class='ocrx_word' id='word_1_147' title='bbox 1251 1935 1468 2010; x_wconf 88' lang='lat' dir='ltr'><strong>consequatur</strong></span> <span class='ocrx_word' id='word_1_148' title='bbox 1497 1927 1676 2012; x_wconf 79' lang='lat' dir='ltr'><strong>(Extrarog.</strong></span> <span class='ocrx_word' id='word_1_149' title='bbox 1700 1925 1940 1991; x_wconf 82' lang='lat' dir='ltr'><strong>Cumdctcstnliic</strong></span> 
     </span>
     <span class='ocr_line' id='line_1_17' title="bbox 342 2026 1939 2111; baseline 0.005 -27"><span class='ocrx_word' id='word_1_150' title='bbox 342 2030 532 2103; x_wconf 81' lang='lat' dir='ltr'><strong>presentat:</strong></span> <span class='ocrx_word' id='word_1_151' title='bbox 549 2026 578 2087; x_wconf 90' lang='lat' dir='ltr'><strong>l.</strong></span> <span class='ocrx_word' id='word_1_152' title='bbox 598 2026 738 2088; x_wconf 80' lang='lat' dir='ltr'><strong>incurrit</strong></span> <span class='ocrx_word' id='word_1_153' title='bbox 764 2026 1132 2090; x_wconf 81' lang='lat' dir='ltr'><strong>excommunicationem</strong></span> <span class='ocrx_word' id='word_1_154' title='bbox 1180 2029 1550 2111; x_wconf 63' lang='lat' dir='ltr'><strong>mercimoniisque</strong></span> <span class='ocrx_word' id='word_1_155' title='bbox 1582 2029 1679 2092; x_wconf 91' lang='lat' dir='ltr'><strong>etiam</strong></span> <span class='ocrx_word' id='word_1_156' title='bbox 1708 2027 1883 2092; x_wconf 85' lang='lat' dir='ltr'><strong>detenditur</strong></span> <span class='ocrx_word' id='word_1_157' title='bbox 1902 2047 1939 2092; x_wconf 89' lang='lat' dir='ltr'><strong>re·</strong></span> 
     </span>
     <span class='ocr_line' id='line_1_18' title="bbox 341 2123 1937 2212; baseline 0.004 -27"><span class='ocrx_word' id='word_1_158' title='bbox 341 2123 510 2202; x_wconf 87' lang='lat' dir='ltr'><strong>ipsolacto</strong></span> <span class='ocrx_word' id='word_1_159' title='bbox 526 2132 557 2187; x_wconf 88' lang='lat' dir='ltr'><strong>et</strong></span> <span class='ocrx_word' id='word_1_160' title='bbox 576 2142 592 2187; x_wconf 88' lang='lat' dir='ltr'><strong>a</strong></span> <span class='ocrx_word' id='word_1_161' title='bbox 610 2125 739 2190; x_wconf 90' lang='lat' dir='ltr'><strong>nemine</strong></span> <span class='ocrx_word' id='word_1_162' title='bbox 768 2125 893 2190; x_wconf 86' lang='lat' dir='ltr'><strong>alrsolri</strong></span> <span class='ocrx_word' id='word_1_163' title='bbox 909 2133 1014 2207; x_wconf 90' lang='lat' dir='ltr'><strong>potest</strong></span> <span class='ocrx_word' id='word_1_164' title='bbox 1039 2127 1131 2191; x_wconf 88' lang='lat' dir='ltr'><strong>nisia</strong></span> <span class='ocrx_word' id='word_1_165' title='bbox 1181 2131 1255 2212; x_wconf 82' lang='lat' dir='ltr'><strong>gula</strong></span> <span class='ocrx_word' id='word_1_166' title='bbox 1280 2131 1321 2194; x_wconf 90' lang='lat' dir='ltr'><strong>de</strong></span> <span class='ocrx_word' id='word_1_167' title='bbox 1351 2131 1504 2194; x_wconf 86' lang='lat' dir='ltr'><strong>triennali</strong></span> <span class='ocrx_word' id='word_1_168' title='bbox 1529 2129 1753 2212; x_wconf 88' lang='lat' dir='ltr'><strong>possessione.</strong></span> <span class='ocrx_word' id='word_1_169' title='bbox 1767 2129 1937 2192; x_wconf 79' lang='lat' dir='ltr'><strong>-Prccedit</strong></span> 
     </span>
     <span class='ocr_line' id='line_1_19' title="bbox 341 2225 1938 2308; baseline 0.004 -23"><span class='ocrx_word' id='word_1_170' title='bbox 341 2239 470 2287; x_wconf 85' lang='lat' dir='ltr'><strong>summo</strong></span> <span class='ocrx_word' id='word_1_171' title='bbox 486 2225 648 2304; x_wconf 82' lang='lat' dir='ltr'><strong>pontifice,</strong></span> <span class='ocrx_word' id='word_1_172' title='bbox 662 2226 786 2289; x_wconf 84' lang='lat' dir='ltr'><strong>etiarnsi</strong></span> <span class='ocrx_word' id='word_1_173' title='bbox 800 2226 954 2290; x_wconf 90' lang='lat' dir='ltr'><strong>delictum</strong></span> <span class='ocrx_word' id='word_1_174' title='bbox 970 2229 1132 2292; x_wconf 88' lang='lat' dir='ltr'><strong>oecultum</strong></span> <span class='ocrx_word' id='word_1_175' title='bbox 1182 2233 1242 2296; x_wconf 89' lang='lat' dir='ltr'><strong>hoc</strong></span> <span class='ocrx_word' id='word_1_176' title='bbox 1257 2234 1299 2308; x_wconf 89' lang='lat'><strong>1·‚</strong></span> <span class='ocrx_word' id='word_1_177' title='bbox 1324 2231 1450 2295; x_wconf 85' lang='lat' dir='ltr'><strong>etiarnsi</strong></span> <span class='ocrx_word' id='word_1_178' title='bbox 1468 2233 1501 2294; x_wconf 92' lang='lat' dir='ltr'><strong>in</strong></span> <span class='ocrx_word' id='word_1_179' title='bbox 1517 2231 1676 2296; x_wconf 87' lang='lat' dir='ltr'><strong>electione</strong></span> <span class='ocrx_word' id='word_1_180' title='bbox 1708 2232 1748 2294; x_wconf 85' lang='lat' dir='ltr'><strong>ad</strong></span> <span class='ocrx_word' id='word_1_181' title='bbox 1764 2230 1938 2304; x_wconf 84' lang='lat' dir='ltr'><strong>beneicinn,</strong></span> 
     </span>
     <span class='ocr_line' id='line_1_20' title="bbox 342 2321 1939 2412; baseline 0.004 -28"><span class='ocrx_word' id='word_1_182' title='bbox 342 2321 399 2384; x_wconf 86' lang='lat' dir='ltr'><strong>sit.</strong></span> <span class='ocrx_word' id='word_1_183' title='bbox 415 2322 556 2404; x_wconf 73' lang='lat' dir='ltr'><strong>(lintres.</strong></span> <span class='ocrx_word' id='word_1_184' title='bbox 586 2323 663 2387; x_wconf 80' lang='lat' dir='ltr'><strong>Cum</strong></span> <span class='ocrx_word' id='word_1_185' title='bbox 678 2321 861 2388; x_wconf 81' lang='lat' dir='ltr'><strong>detectulrilc</strong></span> <span class='ocrx_word' id='word_1_186' title='bbox 876 2327 907 2401; x_wconf 72' lang='lat'><strong>2,</strong></span> <span class='ocrx_word' id='word_1_187' title='bbox 923 2327 965 2387; x_wconf 81' lang='lat' dir='ltr'><strong>lle</strong></span> <span class='ocrx_word' id='word_1_188' title='bbox 985 2327 1055 2391; x_wconf 85' lang='lat' dir='ltr'><strong>rim.</strong></span> <span class='ocrx_word' id='word_1_189' title='bbox 1066 2347 1077 2396; x_wconf 92' lang='lat'><strong>,·</strong></span> <span class='ocrx_word' id='word_1_190' title='bbox 1101 2332 1133 2390; x_wconf 90' lang='lat' dir='ltr'><strong>et</strong></span> <span class='ocrx_word' id='word_1_191' title='bbox 1183 2333 1231 2395; x_wconf 85' lang='lat' dir='ltr'><strong>rel</strong></span> <span class='ocrx_word' id='word_1_192' title='bbox 1253 2325 1547 2412; x_wconf 84' lang='lat' dir='ltr'><strong>praelaturom&#39;unns</strong></span> <span class='ocrx_word' id='word_1_193' title='bbox 1562 2337 1685 2393; x_wconf 87' lang='lat' dir='ltr'><strong>tantum</strong></span> <span class='ocrx_word' id='word_1_194' title='bbox 1703 2337 1813 2393; x_wconf 83' lang='lat' dir='ltr'><strong>votnm</strong></span> <span class='ocrx_word' id='word_1_195' title='bbox 1825 2329 1939 2392; x_wconf 80' lang='lat' dir='ltr'><strong>dedisset</strong></span> 
     </span>
     <span class='ocr_line' id='line_1_21' title="bbox 342 2423 1939 2515; baseline 0.009 -32"><span class='ocrx_word' id='word_1_196' title='bbox 342 2423 767 2488; x_wconf 80' lang='lat' dir='ltr'><strong>srxrusv.butt.soncrum</strong></span> <span class='ocrx_word' id='word_1_197' title='bbox 781 2427 1132 2506; x_wconf 73' lang='lat' dir='ltr'><strong>Non.lanuar.1588.)</strong></span> <span class='ocrx_word' id='word_1_198' title='bbox 1181 2435 1370 2509; x_wconf 86' lang='lat' dir='ltr'><strong>simoniace,</strong></span> <span class='ocrx_word' id='word_1_199' title='bbox 1404 2433 1513 2515; x_wconf 84' lang='lat' dir='ltr'><strong>majori</strong></span> <span class='ocrx_word' id='word_1_200' title='bbox 1548 2441 1636 2515; x_wconf 86' lang='lat' dir='ltr'><strong>parte</strong></span> <span class='ocrx_word' id='word_1_201' title='bbox 1678 2431 1819 2512; x_wconf 82' lang='lat' dir='ltr'><strong>eligente</strong></span> <span class='ocrx_word' id='word_1_202' title='bbox 1842 2431 1939 2514; x_wconf 87' lang='lat' dir='ltr'><strong>absque</strong></span> 
     </span>
     <span class='ocr_line' id='line_1_22' title="bbox 341 2523 1939 2613; baseline 0.008 -29"><span class='ocrx_word' id='word_1_203' title='bbox 341 2555 382 2568; x_wconf 95' lang='lat'><em>—</em></span> <span class='ocrx_word' id='word_1_204' title='bbox 399 2523 431 2586; x_wconf 70' lang='lat'><strong>2.</strong></span> <span class='ocrx_word' id='word_1_205' title='bbox 450 2525 524 2605; x_wconf 88' lang='lat' dir='ltr'><strong>lpso</strong></span> <span class='ocrx_word' id='word_1_206' title='bbox 541 2523 616 2605; x_wconf 87' lang='lat' dir='ltr'><strong>jore</strong></span> <span class='ocrx_word' id='word_1_207' title='bbox 631 2531 662 2587; x_wconf 91' lang='lat' dir='ltr'><strong>et</strong></span> <span class='ocrx_word' id='word_1_208' title='bbox 676 2523 758 2587; x_wconf 90' lang='lat' dir='ltr'><strong>lacto</strong></span> <span class='ocrx_word' id='word_1_209' title='bbox 783 2525 921 2613; x_wconf 77' lang='lat' dir='ltr'><strong>incurrit</strong></span> <span class='ocrx_word' id='word_1_210' title='bbox 938 2527 1131 2604; x_wconf 88' lang='lat' dir='ltr'><strong>suspensio·</strong></span> <span class='ocrx_word' id='word_1_211' title='bbox 1181 2533 1332 2598; x_wconf 91' lang='lat' dir='ltr'><strong>simonia.</strong></span> <span class='ocrx_word' id='word_1_212' title='bbox 1344 2567 1381 2581; x_wconf 85' lang='lat'><strong>-</strong></span> <span class='ocrx_word' id='word_1_213' title='bbox 1400 2534 1550 2598; x_wconf 84' lang='lat' dir='ltr'><strong>Procedit</strong></span> <span class='ocrx_word' id='word_1_214' title='bbox 1571 2535 1616 2609; x_wconf 74' lang='lat'><strong>2‘,</strong></span> <span class='ocrx_word' id='word_1_215' title='bbox 1642 2531 1771 2598; x_wconf 87' lang='lat' dir='ltr'><strong>etiamsi</strong></span> <span class='ocrx_word' id='word_1_216' title='bbox 1799 2532 1939 2596; x_wconf 89' lang='lat' dir='ltr'><strong>simoniam</strong></span> 
     </span>
     <span class='ocr_line' id='line_1_23' title="bbox 342 2620 1938 2716; baseline -0.003 -17"><span class='ocrx_word' id='word_1_217' title='bbox 342 2635 416 2684; x_wconf 63' lang='lat' dir='ltr'><strong>nem</strong></span> <span class='ocrx_word' id='word_1_218' title='bbox 435 2637 453 2684; x_wconf 68' lang='grc' dir='ltr'>ἃ</span> <span class='ocrx_word' id='word_1_219' title='bbox 481 2620 1130 2705; x_wconf 64' lang='lat' dir='ltr'><strong>0⁰¹18110¹¹0&lt;l⁰0tum0ussq110ordinum,</strong></span> <span class='ocrx_word' id='word_1_220' title='bbox 1182 2651 1245 2700; x_wconf 93' lang='lat' dir='ltr'><strong>non</strong></span> <span class='ocrx_word' id='word_1_221' title='bbox 1273 2636 1413 2716; x_wconf 88' lang='lat' dir='ltr'><strong>ipsemet</strong></span> <span class='ocrx_word' id='word_1_222' title='bbox 1429 2640 1606 2716; x_wconf 89' lang='lat' dir='ltr'><strong>promotus,</strong></span> <span class='ocrx_word' id='word_1_223' title='bbox 1620 2633 1678 2696; x_wconf 86' lang='lat' dir='ltr'><strong>sed</strong></span> <span class='ocrx_word' id='word_1_224' title='bbox 1695 2633 1769 2711; x_wconf 89' lang='lat' dir='ltr'><strong>ipso</strong></span> <span class='ocrx_word' id='word_1_225' title='bbox 1789 2630 1938 2713; x_wconf 85' lang='lat' dir='ltr'><strong>ignorante,</strong></span> 
     </span>
     <span class='ocr_line' id='line_1_24' title="bbox 342 2721 1940 2818; baseline -0.006 -17"><span class='ocrx_word' id='word_1_226' title='bbox 342 2721 438 2784; x_wconf 90' lang='lat' dir='ltr'><strong>etiam</strong></span> <span class='ocrx_word' id='word_1_227' title='bbox 454 2721 723 2801; x_wconf 82' lang='lat' dir='ltr'><strong>primmtonsnrae,</strong></span> <span class='ocrx_word' id='word_1_228' title='bbox 740 2731 771 2786; x_wconf 69' lang='grc' dir='ltr'><strong>θῑ</strong></span> <span class='ocrx_word' id='word_1_229' title='bbox 793 2723 944 2800; x_wconf 63' lang='lat' dir='ltr'><strong>Omnium</strong></span> <span class='ocrx_word' id='word_1_230' title='bbox 958 2741 1131 2818; x_wconf 69' lang='lat' dir='ltr'><strong>munerum</strong></span> <span class='ocrx_word' id='word_1_231' title='bbox 1182 2743 1329 2815; x_wconf 87' lang='lat' dir='ltr'><strong>parentes</strong></span> <span class='ocrx_word' id='word_1_232' title='bbox 1356 2734 1437 2815; x_wconf 84' lang='lat' dir='ltr'><strong>ejus,</strong></span> <span class='ocrx_word' id='word_1_233' title='bbox 1454 2732 1594 2812; x_wconf 77' lang='lat' dir='ltr'><strong>cognati,</strong></span> <span class='ocrx_word' id='word_1_234' title='bbox 1622 2731 1733 2806; x_wconf 88' lang='lat' dir='ltr'><strong>amici,</strong></span> <span class='ocrx_word' id='word_1_235' title='bbox 1748 2739 1821 2805; x_wconf 75' lang='lat' dir='ltr'><strong>etc,</strong></span> <span class='ocrx_word' id='word_1_236' title='bbox 1835 2731 1940 2794; x_wconf 90' lang='lat' dir='ltr'><strong>comni·</strong></span> 
     </span>
    </p>
   </div>
   <div class='ocr_carea' id='block_1_3' title="bbox 342 2822 1938 3009">
    <p class='ocr_par' dir='ltr' id='par_1_3' title="bbox 342 2822 1938 3009">
     <span class='ocr_line' id='line_1_25' title="bbox 342 2822 1938 2909; baseline -0.006 -8"><span class='ocrx_word' id='word_1_237' title='bbox 342 2822 574 2902; x_wconf 82' lang='lat' dir='ltr'><strong>pontificalium</strong></span> <span class='ocrx_word' id='word_1_238' title='bbox 604 2822 825 2888; x_wconf 66' lang='lat' dir='ltr'><strong>⁰¹⁵⁰0¹¹¹i01¹⁰·</strong></span> <span class='ocrx_word' id='word_1_239' title='bbox 849 2825 896 2904; x_wconf 83' lang='lat' dir='ltr'><strong>(C.</strong></span> <span class='ocrx_word' id='word_1_240' title='bbox 911 2825 947 2888; x_wconf 67' lang='lat'><strong>5²⁹</strong></span> <span class='ocrx_word' id='word_1_241' title='bbox 978 2826 1049 2905; x_wconf 61' lang='lat' dir='ltr'><strong>‘luit</strong></span> <span class='ocrx_word' id='word_1_242' title='bbox 1077 2824 1132 2901; x_wconf 71' lang='lat' dir='ltr'><strong>l*53</strong></span> <span class='ocrx_word' id='word_1_243' title='bbox 1182 2835 1316 2909; x_wconf 89' lang='lat' dir='ltr'><strong>sissent,</strong></span> <span class='ocrx_word' id='word_1_244' title='bbox 1335 2834 1398 2898; x_wconf 89' lang='lat' dir='ltr'><strong>nisi</strong></span> <span class='ocrx_word' id='word_1_245' title='bbox 1412 2833 1472 2896; x_wconf 91' lang='lat' dir='ltr'><strong>hnc</strong></span> <span class='ocrx_word' id='word_1_246' title='bbox 1486 2831 1603 2896; x_wconf 88' lang='lat' dir='ltr'><strong>lactum</strong></span> <span class='ocrx_word' id='word_1_247' title='bbox 1619 2830 1738 2894; x_wconf 86' lang='lat' dir='ltr'><strong>luisset</strong></span> <span class='ocrx_word' id='word_1_248' title='bbox 1765 2829 1798 2893; x_wconf 91' lang='lat' dir='ltr'><strong>in</strong></span> <span class='ocrx_word' id='word_1_249' title='bbox 1811 2829 1938 2906; x_wconf 87' lang='lat' dir='ltr'><strong>lrandenr,</strong></span> 
     </span>
     <span class='ocr_line' id='line_1_26' title="bbox 342 2923 1938 3009; baseline 0 -25"><span class='ocrx_word' id='word_1_250' title='bbox 342 2931 464 2988; x_wconf 81' lang='lat' dir='ltr'><strong>extrav.</strong></span> <span class='ocrx_word' id='word_1_251' title='bbox 478 2924 556 2987; x_wconf 84' lang='lat' dir='ltr'><strong>Cum</strong></span> <span class='ocrx_word' id='word_1_252' title='bbox 569 2923 791 3001; x_wconf 72' lang='lat' dir='ltr'><strong>anacreontica,</strong></span> <span class='ocrx_word' id='word_1_253' title='bbox 803 2927 847 2987; x_wconf 87' lang='lat' dir='ltr'><strong>lte</strong></span> <span class='ocrx_word' id='word_1_254' title='bbox 859 2926 1012 2991; x_wconf 74' lang='lat' dir='ltr'><strong>ainornm</strong></span> <span class='ocrx_word' id='word_1_255' title='bbox 1025 2934 1129 2990; x_wconf 88' lang='lat' dir='ltr'><strong>const.</strong></span> <span class='ocrx_word' id='word_1_256' title='bbox 1181 2936 1212 2990; x_wconf 88' lang='lat' dir='ltr'><strong>et</strong></span> <span class='ocrx_word' id='word_1_257' title='bbox 1226 2929 1265 2991; x_wconf 89' lang='lat' dir='ltr'><strong>ad</strong></span> <span class='ocrx_word' id='word_1_258' title='bbox 1286 2935 1528 3009; x_wconf 69' lang='lat' dir='ltr'><strong>presentatum,</strong></span> <span class='ocrx_word' id='word_1_259' title='bbox 1543 2932 1604 2990; x_wconf 90' lang='lat' dir='ltr'><strong>etc.</strong></span> <span class='ocrx_word' id='word_1_260' title='bbox 1621 2924 1823 2990; x_wconf 90' lang='lat' dir='ltr'><strong>reddendum</strong></span> <span class='ocrx_word' id='word_1_261' title='bbox 1835 2923 1938 2986; x_wconf 87' lang='lat' dir='ltr'><strong>inhabi-</strong></span> 
     </span>
    </p>
   </div>
   <div class='ocr_carea' id='block_1_4' title="bbox 341 3021 2008 5930">
    <p class='ocr_par' dir='ltr' id='par_1_4' title="bbox 341 3021 1939 3405">
     <span class='ocr_line' id='line_1_27' title="bbox 341 3021 1937 3105; baseline 0.003 -23"><span class='ocrx_word' id='word_1_262' title='bbox 341 3021 431 3083; x_wconf 81' lang='lat' dir='ltr'><strong>Srnrr</strong></span> <span class='ocrx_word' id='word_1_263' title='bbox 446 3021 575 3104; x_wconf 82' lang='lat' dir='ltr'><strong>v.)-3.</strong></span> <span class='ocrx_word' id='word_1_264' title='bbox 592 3023 954 3105; x_wconf 85' lang='lat' dir='ltr'><strong>interdicituringressn</strong></span> <span class='ocrx_word' id='word_1_265' title='bbox 970 3023 1126 3103; x_wconf 84' lang='lat' dir='ltr'><strong>ecclesias,</strong></span> <span class='ocrx_word' id='word_1_266' title='bbox 1182 3025 1245 3090; x_wconf 89' lang='lat' dir='ltr'><strong>lem</strong></span> <span class='ocrx_word' id='word_1_267' title='bbox 1272 3028 1312 3089; x_wconf 93' lang='lat' dir='ltr'><strong>ad</strong></span> <span class='ocrx_word' id='word_1_268' title='bbox 1338 3023 1550 3090; x_wconf 79' lang='lat' dir='ltr'><strong>lsenelioium:</strong></span> <span class='ocrx_word' id='word_1_269' title='bbox 1582 3031 1659 3087; x_wconf 89' lang='lat' dir='ltr'><strong>lunc</strong></span> <span class='ocrx_word' id='word_1_270' title='bbox 1680 3023 1772 3086; x_wconf 92' lang='lat' dir='ltr'><strong>enim</strong></span> <span class='ocrx_word' id='word_1_271' title='bbox 1786 3023 1937 3086; x_wconf 86' lang='lat' dir='ltr'><strong>sustinetur</strong></span> 
     </span>
     <span class='ocr_line' id='line_1_28' title="bbox 341 3121 1937 3207; baseline 0.001 -24"><span class='ocrx_word' id='word_1_272' title='bbox 341 3127 374 3184; x_wconf 91' lang='lat' dir='ltr'><strong>et</strong></span> <span class='ocrx_word' id='word_1_273' title='bbox 390 3123 418 3183; x_wconf 92' lang='lat' dir='ltr'><strong>si</strong></span> <span class='ocrx_word' id='word_1_274' title='bbox 443 3121 662 3195; x_wconf 90' lang='lat' dir='ltr'><strong>interdictum,</strong></span> <span class='ocrx_word' id='word_1_275' title='bbox 683 3130 738 3186; x_wconf 90' lang='lat' dir='ltr'><strong>eut</strong></span> <span class='ocrx_word' id='word_1_276' title='bbox 749 3125 999 3205; x_wconf 89' lang='lat' dir='ltr'><strong>suspensionem</strong></span> <span class='ocrx_word' id='word_1_277' title='bbox 1016 3125 1134 3207; x_wconf 72' lang='lat' dir='ltr'><strong>huius·</strong></span> <span class='ocrx_word' id='word_1_278' title='bbox 1183 3126 1339 3204; x_wconf 77' lang='lat' dir='ltr'><strong>provisio,</strong></span> <span class='ocrx_word' id='word_1_279' title='bbox 1371 3143 1412 3190; x_wconf 91' lang='lat' dir='ltr'><strong>ne</strong></span> <span class='ocrx_word' id='word_1_280' title='bbox 1434 3141 1661 3206; x_wconf 75' lang='lat' dir='ltr'><strong>perversorum</strong></span> <span class='ocrx_word' id='word_1_281' title='bbox 1681 3123 1848 3186; x_wconf 89' lang='lat' dir='ltr'><strong>hominnm</strong></span> <span class='ocrx_word' id='word_1_282' title='bbox 1865 3122 1937 3184; x_wconf 88' lang='lat' dir='ltr'><strong>nali·</strong></span> 
     </span>
     <span class='ocr_line' id='line_1_29' title="bbox 343 3214 1939 3305; baseline -0.004 -20"><span class='ocrx_word' id='word_1_283' title='bbox 343 3222 624 3299; x_wconf 87' lang='lat' dir='ltr'><strong>modiniolarerit,</strong></span> <span class='ocrx_word' id='word_1_284' title='bbox 658 3231 772 3304; x_wconf 86' lang='lat' dir='ltr'><strong>praeter</strong></span> <span class='ocrx_word' id='word_1_285' title='bbox 802 3223 1081 3305; x_wconf 74' lang='lat' dir='ltr'><strong>irregularitatem,</strong></span> <span class='ocrx_word' id='word_1_286' title='bbox 1116 3241 1134 3289; x_wconf 85' lang='lat' dir='ltr'><strong>a</strong></span> <span class='ocrx_word' id='word_1_287' title='bbox 1182 3219 1249 3294; x_wconf 87' lang='lat' dir='ltr'><strong>tiis,</strong></span> <span class='ocrx_word' id='word_1_288' title='bbox 1265 3236 1361 3301; x_wconf 89' lang='lat' dir='ltr'><strong>qnam</strong></span> <span class='ocrx_word' id='word_1_289' title='bbox 1390 3219 1603 3283; x_wconf 84' lang='lat' dir='ltr'><strong>innocentum</strong></span> <span class='ocrx_word' id='word_1_290' title='bbox 1619 3215 1747 3281; x_wconf 87' lang='lat' dir='ltr'><strong>meritis</strong></span> <span class='ocrx_word' id='word_1_291' title='bbox 1763 3214 1832 3297; x_wconf 87' lang='lat' dir='ltr'><strong>plus</strong></span> <span class='ocrx_word' id='word_1_292' title='bbox 1847 3215 1939 3280; x_wconf 78' lang='lat' dir='ltr'><strong>triluna-</strong></span> 
     </span>
     <span class='ocr_line' id='line_1_30' title="bbox 341 3321 1274 3405; baseline 0.006 -21"><span class='ocrx_word' id='word_1_293' title='bbox 341 3321 500 3402; x_wconf 87' lang='lat' dir='ltr'><strong>regimine</strong></span> <span class='ocrx_word' id='word_1_294' title='bbox 514 3331 546 3386; x_wconf 92' lang='lat' dir='ltr'><strong>et</strong></span> <span class='ocrx_word' id='word_1_295' title='bbox 567 3323 848 3388; x_wconf 87' lang='lat' dir='ltr'><strong>administratione</strong></span> <span class='ocrx_word' id='word_1_296' title='bbox 878 3343 947 3390; x_wconf 80' lang='lat' dir='ltr'><strong>sues</strong></span> <span class='ocrx_word' id='word_1_297' title='bbox 974 3327 1132 3405; x_wconf 81' lang='lat' dir='ltr'><strong>ecclesiae,</strong></span> <span class='ocrx_word' id='word_1_298' title='bbox 1183 3327 1274 3383; x_wconf 77' lang='lat' dir='ltr'><strong>lut-.-</strong></span> 
     </span>
    </p>

    <p class='ocr_par' dir='ltr' id='par_1_5' title="bbox 342 3417 1940 3697">
     <span class='ocr_line' id='line_1_31' title="bbox 342 3417 1939 3510; baseline -0.006 -24"><span class='ocrx_word' id='word_1_299' title='bbox 342 3432 373 3486; x_wconf 87' lang='lat' dir='ltr'><strong>et</strong></span> <span class='ocrx_word' id='word_1_300' title='bbox 384 3422 549 3488; x_wconf 89' lang='lat' dir='ltr'><strong>lrnctuom</strong></span> <span class='ocrx_word' id='word_1_301' title='bbox 564 3423 724 3499; x_wconf 89' lang='lat' dir='ltr'><strong>omnium,</strong></span> <span class='ocrx_word' id='word_1_302' title='bbox 740 3441 780 3487; x_wconf 84' lang='lat' dir='ltr'><strong>ex</strong></span> <span class='ocrx_word' id='word_1_303' title='bbox 795 3425 961 3490; x_wconf 84' lang='lat' dir='ltr'><strong>beneficiis</strong></span> <span class='ocrx_word' id='word_1_304' title='bbox 977 3429 1047 3491; x_wconf 89' lang='lat' dir='ltr'><strong>suis</strong></span> <span class='ocrx_word' id='word_1_305' title='bbox 1061 3444 1136 3510; x_wconf 89' lang='lat' dir='ltr'><strong>pro·</strong></span> <span class='ocrx_word' id='word_1_306' title='bbox 1215 3421 1246 3483; x_wconf 83' lang='grc'><strong>3.</strong></span> <span class='ocrx_word' id='word_1_307' title='bbox 1262 3421 1314 3484; x_wconf 88' lang='lat' dir='ltr'><strong>Sic</strong></span> <span class='ocrx_word' id='word_1_308' title='bbox 1329 3426 1494 3501; x_wconf 92' lang='lat' dir='ltr'><strong>promotus</strong></span> <span class='ocrx_word' id='word_1_309' title='bbox 1508 3417 1678 3483; x_wconf 86' lang='lat' dir='ltr'><strong>restituere</strong></span> <span class='ocrx_word' id='word_1_310' title='bbox 1691 3425 1818 3484; x_wconf 89' lang='lat' dir='ltr'><strong>tenetur</strong></span> <span class='ocrx_word' id='word_1_311' title='bbox 1832 3417 1939 3493; x_wconf 83' lang='lat' dir='ltr'><strong>tructus,</strong></span> 
     </span>
     <span class='ocr_line' id='line_1_32' title="bbox 343 3519 1939 3610; baseline -0.006 -22"><span class='ocrx_word' id='word_1_312' title='bbox 343 3523 556 3602; x_wconf 82' lang='lat' dir='ltr'><strong>venientium,</strong></span> <span class='ocrx_word' id='word_1_313' title='bbox 567 3524 770 3605; x_wconf 88' lang='lat' dir='ltr'><strong>perceptione</strong></span> <span class='ocrx_word' id='word_1_314' title='bbox 781 3526 1132 3610; x_wconf 85' lang='lat' dir='ltr'><strong>suspenditur.(Coust‚</strong></span> <span class='ocrx_word' id='word_1_315' title='bbox 1181 3539 1221 3584; x_wconf 86' lang='lat' dir='ltr'><strong>ox</strong></span> <span class='ocrx_word' id='word_1_316' title='bbox 1241 3520 1397 3584; x_wconf 83' lang='lat' dir='ltr'><strong>beneficio</strong></span> <span class='ocrx_word' id='word_1_317' title='bbox 1412 3524 1456 3585; x_wconf 88' lang='lat' dir='ltr'><strong>ita</strong></span> <span class='ocrx_word' id='word_1_318' title='bbox 1474 3521 1605 3584; x_wconf 89' lang='lat' dir='ltr'><strong>obtento</strong></span> <span class='ocrx_word' id='word_1_319' title='bbox 1619 3529 1831 3598; x_wconf 87' lang='lat' dir='ltr'><strong>comparatos.</strong></span> <span class='ocrx_word' id='word_1_320' title='bbox 1844 3519 1870 3581; x_wconf 87' lang='lat' dir='ltr'><strong>si</strong></span> <span class='ocrx_word' id='word_1_321' title='bbox 1883 3534 1939 3580; x_wconf 87' lang='lat' dir='ltr'><strong>rero</strong></span> 
     </span>
     <span class='ocr_line' id='line_1_33' title="bbox 344 3619 1940 3697; baseline -0.005 -10"><span class='ocrx_word' id='word_1_322' title='bbox 344 3627 400 3690; x_wconf 91' lang='lat' dir='ltr'><strong>cit.</strong></span> <span class='ocrx_word' id='word_1_323' title='bbox 1182 3621 1321 3684; x_wconf 89' lang='lat' dir='ltr'><strong>simonia</strong></span> <span class='ocrx_word' id='word_1_324' title='bbox 1344 3621 1516 3685; x_wconf 89' lang='lat' dir='ltr'><strong>comnrissa</strong></span> <span class='ocrx_word' id='word_1_325' title='bbox 1542 3619 1637 3684; x_wconf 87' lang='lat' dir='ltr'><strong>sitcb</strong></span> <span class='ocrx_word' id='word_1_326' title='bbox 1660 3620 1741 3697; x_wconf 87' lang='lat' dir='ltr'><strong>alio,</strong></span> <span class='ocrx_word' id='word_1_327' title='bbox 1767 3619 1940 3683; x_wconf 83' lang='lat' dir='ltr'><strong>beneficiario</strong></span> 
     </span>
    </p>

    <p class='ocr_par' dir='ltr' id='par_1_6' title="bbox 341 3721 2008 4813">
     <span class='ocr_line' id='line_1_34' title="bbox 382 3721 2008 3810; baseline -0.005 -22"><span class='ocrx_word' id='word_1_328' title='bbox 382 3725 1131 3810; x_wconf 77' lang='lat' dir='ltr'><strong>simoniaceordinntus:1·incnrritipsolaeto</strong></span> <span class='ocrx_word' id='word_1_329' title='bbox 1181 3723 1364 3805; x_wconf 88' lang='lat' dir='ltr'><strong>ignorante,</strong></span> <span class='ocrx_word' id='word_1_330' title='bbox 1379 3721 1502 3786; x_wconf 89' lang='lat' dir='ltr'><strong>lrnetus</strong></span> <span class='ocrx_word' id='word_1_331' title='bbox 1535 3723 1679 3804; x_wconf 88' lang='lat' dir='ltr'><strong>quidem,</strong></span> <span class='ocrx_word' id='word_1_332' title='bbox 1709 3721 1940 3803; x_wconf 84' lang='lat' dir='ltr'><strong>quandinmanct</strong></span> <span class='ocrx_word' id='word_1_333' title='bbox 2007 3755 2008 3798; x_wconf 76' lang='lat'><strong>,</strong></span> 
     </span>
     <span class='ocr_line' id='line_1_35' title="bbox 344 3821 2008 3908; baseline -0.001 -22"><span class='ocrx_word' id='word_1_334' title='bbox 344 3826 715 3896; x_wconf 84' lang='lat' dir='ltr'><strong>excommunicationem</strong></span> <span class='ocrx_word' id='word_1_335' title='bbox 745 3845 835 3908; x_wconf 78' lang='lat' dir='ltr'><strong>propes</strong></span> <span class='ocrx_word' id='word_1_336' title='bbox 869 3839 1133 3894; x_wconf 78' lang='lat' dir='ltr'><strong>reservatam—</strong></span> <span class='ocrx_word' id='word_1_337' title='bbox 1181 3823 1216 3888; x_wconf 91' lang='lat' dir='ltr'><strong>in</strong></span> <span class='ocrx_word' id='word_1_338' title='bbox 1241 3824 1323 3888; x_wconf 90' lang='lat' dir='ltr'><strong>hona</strong></span> <span class='ocrx_word' id='word_1_339' title='bbox 1353 3824 1426 3896; x_wconf 90' lang='lat' dir='ltr'><strong>lide,</strong></span> <span class='ocrx_word' id='word_1_340' title='bbox 1442 3831 1476 3886; x_wconf 91' lang='lat' dir='ltr'><strong>nt</strong></span> <span class='ocrx_word' id='word_1_341' title='bbox 1497 3822 1582 3887; x_wconf 84' lang='lat' dir='ltr'><strong>alins</strong></span> <span class='ocrx_word' id='word_1_342' title='bbox 1597 3823 1689 3886; x_wconf 76' lang='lat' dir='ltr'><strong>bonu</strong></span> <span class='ocrx_word' id='word_1_343' title='bbox 1705 3821 1783 3885; x_wconf 88' lang='lat' dir='ltr'><strong>fidei</strong></span> <span class='ocrx_word' id='word_1_344' title='bbox 1796 3837 1937 3900; x_wconf 88' lang='lat' dir='ltr'><strong>possessor</strong></span> <span class='ocrx_word' id='word_1_345' title='bbox 2007 3821 2008 3858; x_wconf 72' lang='lat' dir='ltr'><strong>r</strong></span> 
     </span>
     <span class='ocr_line' id='line_1_36' title="bbox 341 3923 1934 4007; baseline -0.003 -20"><span class='ocrx_word' id='word_1_346' title='bbox 341 3926 374 3988; x_wconf 77' lang='lat'><strong>2·</strong></span> <span class='ocrx_word' id='word_1_347' title='bbox 387 3927 601 4007; x_wconf 87' lang='lat' dir='ltr'><strong>suspenditur</strong></span> <span class='ocrx_word' id='word_1_348' title='bbox 635 3927 675 3990; x_wconf 89' lang='lat' dir='ltr'><strong>ab</strong></span> <span class='ocrx_word' id='word_1_349' title='bbox 699 3927 909 3992; x_wconf 84' lang='lat' dir='ltr'><strong>exsecutione</strong></span> <span class='ocrx_word' id='word_1_350' title='bbox 924 3945 1058 3994; x_wconf 87' lang='lat' dir='ltr'><strong>snorum</strong></span> <span class='ocrx_word' id='word_1_351' title='bbox 1079 3948 1132 3995; x_wconf 90' lang='lat' dir='ltr'><strong>or·</strong></span> <span class='ocrx_word' id='word_1_352' title='bbox 1181 3925 1336 3990; x_wconf 86' lang='lat' dir='ltr'><strong>lucratur.</strong></span> <span class='ocrx_word' id='word_1_353' title='bbox 1353 3927 1390 3988; x_wconf 84' lang='lat' dir='ltr'><strong>Et</strong></span> <span class='ocrx_word' id='word_1_354' title='bbox 1405 3925 1432 3988; x_wconf 89' lang='lat' dir='ltr'><strong>si</strong></span> <span class='ocrx_word' id='word_1_355' title='bbox 1444 3941 1517 3989; x_wconf 88' lang='lat' dir='ltr'><strong>cunr</strong></span> <span class='ocrx_word' id='word_1_356' title='bbox 1531 3925 1615 3987; x_wconf 88' lang='lat' dir='ltr'><strong>bona</strong></span> <span class='ocrx_word' id='word_1_357' title='bbox 1630 3923 1692 3987; x_wconf 89' lang='lat' dir='ltr'><strong>lide</strong></span> <span class='ocrx_word' id='word_1_358' title='bbox 1714 3941 1771 4003; x_wconf 85' lang='lat' dir='ltr'><strong>por</strong></span> <span class='ocrx_word' id='word_1_359' title='bbox 1784 3923 1934 3986; x_wconf 90' lang='lat' dir='ltr'><strong>trienniun</strong></span> 
     </span>
     <span class='ocr_line' id='line_1_37' title="bbox 343 4021 1938 4107; baseline -0.003 -21"><span class='ocrx_word' id='word_1_360' title='bbox 343 4027 472 4102; x_wconf 83' lang='lat' dir='ltr'><strong>alinum,</strong></span> <span class='ocrx_word' id='word_1_361' title='bbox 502 4025 615 4090; x_wconf 88' lang='lat' dir='ltr'><strong>saltem</strong></span> <span class='ocrx_word' id='word_1_362' title='bbox 645 4027 823 4090; x_wconf 86' lang='lat' dir='ltr'><strong>simoniace</strong></span> <span class='ocrx_word' id='word_1_363' title='bbox 845 4035 1133 4107; x_wconf 83' lang='lat' dir='ltr'><strong>susceptorum-</strong></span> <span class='ocrx_word' id='word_1_364' title='bbox 1178 4027 1214 4090; x_wconf 90' lang='lat' dir='ltr'><strong>in</strong></span> <span class='ocrx_word' id='word_1_365' title='bbox 1243 4025 1370 4106; x_wconf 83' lang='lat' dir='ltr'><strong>pacifica</strong></span> <span class='ocrx_word' id='word_1_366' title='bbox 1384 4024 1596 4106; x_wconf 89' lang='lat' dir='ltr'><strong>possessione</strong></span> <span class='ocrx_word' id='word_1_367' title='bbox 1610 4023 1801 4105; x_wconf 92' lang='lat' dir='ltr'><strong>perstiterit,</strong></span> <span class='ocrx_word' id='word_1_368' title='bbox 1817 4021 1938 4086; x_wconf 87' lang='lat' dir='ltr'><strong>delendi·</strong></span> 
     </span>
     <span class='ocr_line' id='line_1_38' title="bbox 342 4123 1940 4209; baseline -0.004 -19"><span class='ocrx_word' id='word_1_369' title='bbox 342 4127 373 4190; x_wconf 78' lang='grc'><strong>3.</strong></span> <span class='ocrx_word' id='word_1_370' title='bbox 383 4129 415 4191; x_wconf 83' lang='lat' dir='ltr'><strong>Si</strong></span> <span class='ocrx_word' id='word_1_371' title='bbox 428 4125 679 4208; x_wconf 86' lang='lat' dir='ltr'><strong>suspensionem</strong></span> <span class='ocrx_word' id='word_1_372' title='bbox 694 4127 788 4190; x_wconf 87' lang='lat' dir='ltr'><strong>istam</strong></span> <span class='ocrx_word' id='word_1_373' title='bbox 798 4127 908 4204; x_wconf 86' lang='lat' dir='ltr'><strong>uiolet,</strong></span> <span class='ocrx_word' id='word_1_374' title='bbox 922 4135 1131 4209; x_wconf 83' lang='lat' dir='ltr'><strong>preterquam</strong></span> <span class='ocrx_word' id='word_1_375' title='bbox 1181 4138 1234 4190; x_wconf 91' lang='lat' dir='ltr'><strong>tur</strong></span> <span class='ocrx_word' id='word_1_376' title='bbox 1258 4130 1372 4207; x_wconf 86' lang='lat' dir='ltr'><strong>regula</strong></span> <span class='ocrx_word' id='word_1_377' title='bbox 1395 4127 1436 4190; x_wconf 91' lang='lat' dir='ltr'><strong>de</strong></span> <span class='ocrx_word' id='word_1_378' title='bbox 1453 4125 1618 4198; x_wconf 89' lang='lat' dir='ltr'><strong>triennali,</strong></span> <span class='ocrx_word' id='word_1_379' title='bbox 1648 4127 1733 4189; x_wconf 89' lang='lat' dir='ltr'><strong>adeo</strong></span> <span class='ocrx_word' id='word_1_380' title='bbox 1762 4132 1797 4189; x_wconf 92' lang='lat' dir='ltr'><strong>ut</strong></span> <span class='ocrx_word' id='word_1_381' title='bbox 1828 4123 1940 4187; x_wconf 83' lang='lat' dir='ltr'><strong>triennio</strong></span> 
     </span>
     <span class='ocr_line' id='line_1_39' title="bbox 344 4224 1941 4308; baseline -0.003 -17"><span class='ocrx_word' id='word_1_382' title='bbox 344 4227 477 4308; x_wconf 91' lang='lat' dir='ltr'><strong>qnodet</strong></span> <span class='ocrx_word' id='word_1_383' title='bbox 495 4227 565 4306; x_wconf 87' lang='lat' dir='ltr'><strong>ipse</strong></span> <span class='ocrx_word' id='word_1_384' title='bbox 593 4227 783 4306; x_wconf 86' lang='lat' dir='ltr'><strong>irregularis</strong></span> <span class='ocrx_word' id='word_1_385' title='bbox 811 4225 882 4302; x_wconf 62' lang='lat' dir='ltr'><strong>liat}</strong></span> <span class='ocrx_word' id='word_1_386' title='bbox 912 4226 940 4289; x_wconf 91' lang='lat' dir='ltr'><strong>si</strong></span> <span class='ocrx_word' id='word_1_387' title='bbox 969 4229 1132 4293; x_wconf 78' lang='lat' dir='ltr'><strong>secularis</strong></span> <span class='ocrx_word' id='word_1_388' title='bbox 1183 4226 1243 4288; x_wconf 92' lang='lat' dir='ltr'><strong>illo</strong></span> <span class='ocrx_word' id='word_1_389' title='bbox 1284 4225 1396 4306; x_wconf 88' lang='lat' dir='ltr'><strong>elapso</strong></span> <span class='ocrx_word' id='word_1_390' title='bbox 1427 4242 1487 4290; x_wconf 91' lang='lat' dir='ltr'><strong>nee</strong></span> <span class='ocrx_word' id='word_1_391' title='bbox 1517 4224 1654 4301; x_wconf 81' lang='lat' dir='ltr'><strong>tructus,</strong></span> <span class='ocrx_word' id='word_1_392' title='bbox 1686 4242 1749 4290; x_wconf 90' lang='lat' dir='ltr'><strong>neo</strong></span> <span class='ocrx_word' id='word_1_393' title='bbox 1779 4225 1941 4288; x_wconf 80' lang='lat' dir='ltr'><strong>benennon</strong></span> 
     </span>
     <span class='ocr_line' id='line_1_40' title="bbox 344 4325 1639 4408; baseline -0.001 -19"><span class='ocrx_word' id='word_1_394' title='bbox 344 4328 398 4403; x_wconf 90' lang='lat' dir='ltr'><strong>sit,</strong></span> <span class='ocrx_word' id='word_1_395' title='bbox 416 4327 771 4408; x_wconf 85' lang='lat' dir='ltr'><strong>incurritpriuationem</strong></span> <span class='ocrx_word' id='word_1_396' title='bbox 789 4327 969 4390; x_wconf 88' lang='lat' dir='ltr'><strong>olllniorum</strong></span> <span class='ocrx_word' id='word_1_397' title='bbox 985 4335 1019 4394; x_wconf 91' lang='lat' dir='ltr'><strong>et</strong></span> <span class='ocrx_word' id='word_1_398' title='bbox 1033 4329 1131 4394; x_wconf 88' lang='lat' dir='ltr'><strong>bene-</strong></span> <span class='ocrx_word' id='word_1_399' title='bbox 1181 4327 1352 4391; x_wconf 86' lang='lat' dir='ltr'><strong>restitnere</strong></span> <span class='ocrx_word' id='word_1_400' title='bbox 1381 4325 1639 4408; x_wconf 79' lang='lat' dir='ltr'><strong>obstringetur...</strong></span> 
     </span>
     <span class='ocr_line' id='line_1_41' title="bbox 345 4423 1939 4510; baseline -0.003 -20"><span class='ocrx_word' id='word_1_401' title='bbox 345 4429 502 4503; x_wconf 87' lang='lat' dir='ltr'><strong>liciorum,</strong></span> <span class='ocrx_word' id='word_1_402' title='bbox 528 4434 559 4492; x_wconf 91' lang='lat' dir='ltr'><strong>et</strong></span> <span class='ocrx_word' id='word_1_403' title='bbox 589 4427 627 4491; x_wconf 89' lang='lat' dir='ltr'><strong>ad</strong></span> <span class='ocrx_word' id='word_1_404' title='bbox 655 4445 691 4490; x_wconf 90' lang='lat' dir='ltr'><strong>ea</strong></span> <span class='ocrx_word' id='word_1_405' title='bbox 719 4427 972 4506; x_wconf 69' lang='lat' dir='ltr'><strong>inhabilitatem</strong></span> <span class='ocrx_word' id='word_1_406' title='bbox 1001 4430 1030 4492; x_wconf 91' lang='lat' dir='ltr'><strong>si</strong></span> <span class='ocrx_word' id='word_1_407' title='bbox 1056 4447 1132 4496; x_wconf 84' lang='lat' dir='ltr'><strong>aero</strong></span> <span class='ocrx_word' id='word_1_408' title='bbox 1221 4427 1251 4492; x_wconf 78' lang='lat' dir='ltr'><strong>l.</strong></span> <span class='ocrx_word' id='word_1_409' title='bbox 1271 4427 1454 4493; x_wconf 80' lang='lat' dir='ltr'><strong>simoniace</strong></span> <span class='ocrx_word' id='word_1_410' title='bbox 1466 4428 1627 4510; x_wconf 88' lang='lat' dir='ltr'><strong>recipiens</strong></span> <span class='ocrx_word' id='word_1_411' title='bbox 1662 4429 1851 4494; x_wconf 80' lang='lat' dir='ltr'><strong>beneficium</strong></span> <span class='ocrx_word' id='word_1_412' title='bbox 1868 4426 1899 4488; x_wconf 88' lang='lat' dir='ltr'><strong>ad</strong></span> <span class='ocrx_word' id='word_1_413' title='bbox 1916 4423 1939 4487; x_wconf 88' lang='lat' dir='ltr'><strong>id</strong></span> 
     </span>
     <span class='ocr_line' id='line_1_42' title="bbox 342 4526 1939 4611; baseline 0.003 -21"><span class='ocrx_word' id='word_1_414' title='bbox 342 4526 514 4607; x_wconf 86' lang='lat' dir='ltr'><strong>regularis,</strong></span> <span class='ocrx_word' id='word_1_415' title='bbox 540 4527 754 4608; x_wconf 82' lang='lat' dir='ltr'><strong>privationem</strong></span> <span class='ocrx_word' id='word_1_416' title='bbox 774 4529 862 4594; x_wconf 85' lang='lat' dir='ltr'><strong>noeis</strong></span> <span class='ocrx_word' id='word_1_417' title='bbox 890 4529 1002 4593; x_wconf 81' lang='lat' dir='ltr'><strong>activae</strong></span> <span class='ocrx_word' id='word_1_418' title='bbox 1017 4538 1048 4594; x_wconf 90' lang='lat' dir='ltr'><strong>et</strong></span> <span class='ocrx_word' id='word_1_419' title='bbox 1065 4546 1133 4611; x_wconf 88' lang='lat' dir='ltr'><strong>pas·</strong></span> <span class='ocrx_word' id='word_1_420' title='bbox 1180 4527 1392 4592; x_wconf 85' lang='lat' dir='ltr'><strong>obtinendum</strong></span> <span class='ocrx_word' id='word_1_421' title='bbox 1409 4545 1466 4610; x_wconf 92' lang='lat' dir='ltr'><strong>pro</strong></span> <span class='ocrx_word' id='word_1_422' title='bbox 1482 4545 1518 4591; x_wconf 90' lang='lat' dir='ltr'><strong>ea</strong></span> <span class='ocrx_word' id='word_1_423' title='bbox 1543 4530 1612 4592; x_wconf 88' lang='lat' dir='ltr'><strong>rice</strong></span> <span class='ocrx_word' id='word_1_424' title='bbox 1640 4529 1795 4592; x_wconf 86' lang='lat' dir='ltr'><strong>inhabilis</strong></span> <span class='ocrx_word' id='word_1_425' title='bbox 1812 4527 1939 4594; x_wconf 73' lang='lat' dir='ltr'><strong>redditor.</strong></span> 
     </span>
     <span class='ocr_line' id='line_1_43' title="bbox 344 4629 1940 4716; baseline -0.001 -26"><span class='ocrx_word' id='word_1_426' title='bbox 344 4629 469 4692; x_wconf 78' lang='lat' dir='ltr'><strong>street</strong></span> <span class='ocrx_word' id='word_1_427' title='bbox 496 4629 534 4691; x_wconf 88' lang='lat' dir='ltr'><strong>ad</strong></span> <span class='ocrx_word' id='word_1_428' title='bbox 563 4645 632 4692; x_wconf 91' lang='lat' dir='ltr'><strong>eam</strong></span> <span class='ocrx_word' id='word_1_429' title='bbox 665 4629 1133 4711; x_wconf 81' lang='lat' dir='ltr'><strong>innanitisrcnoitar.(nstra-</strong></span> <span class='ocrx_word' id='word_1_430' title='bbox 1180 4647 1290 4716; x_wconf 88' lang='lat' dir='ltr'><strong>aqua</strong></span> <span class='ocrx_word' id='word_1_431' title='bbox 1319 4629 1523 4695; x_wconf 85' lang='lat' dir='ltr'><strong>inhabilitate</strong></span> <span class='ocrx_word' id='word_1_432' title='bbox 1558 4630 1648 4695; x_wconf 91' lang='lat' dir='ltr'><strong>solus</strong></span> <span class='ocrx_word' id='word_1_433' title='bbox 1681 4649 1761 4713; x_wconf 88' lang='lat' dir='ltr'><strong>papa</strong></span> <span class='ocrx_word' id='word_1_434' title='bbox 1782 4632 1940 4711; x_wconf 86' lang='lat' dir='ltr'><strong>dispensare</strong></span> 
     </span>
     <span class='ocr_line' id='line_1_44' title="bbox 344 4719 1298 4813; baseline 0 -22"><span class='ocrx_word' id='word_1_435' title='bbox 344 4747 416 4809; x_wconf 81' lang='lat' dir='ltr'><strong>sog.</strong></span> <span class='ocrx_word' id='word_1_436' title='bbox 440 4719 542 4793; x_wconf 65' lang='lat' dir='ltr'><strong>cinit</strong></span> <span class='ocrx_word' id='word_1_437' title='bbox 565 4738 668 4794; x_wconf 86' lang='lat' dir='ltr'><strong>const.</strong></span> <span class='ocrx_word' id='word_1_438' title='bbox 686 4733 775 4794; x_wconf 86' lang='lat' dir='ltr'><strong>errr</strong></span> <span class='ocrx_word' id='word_1_439' title='bbox 790 4733 814 4792; x_wconf 86' lang='lat' dir='ltr'><strong>l&#39;</strong></span> <span class='ocrx_word' id='word_1_440' title='bbox 831 4730 897 4813; x_wconf 82' lang='lat' dir='ltr'><strong>eil.)</strong></span> <span class='ocrx_word' id='word_1_441' title='bbox 1180 4739 1298 4813; x_wconf 88' lang='lat' dir='ltr'><strong>potest.</strong></span> 
     </span>
    </p>

    <p class='ocr_par' dir='ltr' id='par_1_7' title="bbox 343 4829 1940 5215">
     <span class='ocr_line' id='line_1_45' title="bbox 379 4829 1939 4914; baseline -0.005 -19"><span class='ocrx_word' id='word_1_442' title='bbox 379 4831 722 4896; x_wconf 81' lang='lat' dir='ltr'><strong>Eatendnntnrantem</strong></span> <span class='ocrx_word' id='word_1_443' title='bbox 734 4832 784 4897; x_wconf 85' lang='lat' dir='ltr'><strong>hae</strong></span> <span class='ocrx_word' id='word_1_444' title='bbox 794 4834 942 4914; x_wconf 85' lang='lat' dir='ltr'><strong>poenaend</strong></span> <span class='ocrx_word' id='word_1_445' title='bbox 955 4837 1131 4912; x_wconf 87' lang='lat' dir='ltr'><strong>eosetiam,</strong></span> <span class='ocrx_word' id='word_1_446' title='bbox 1218 4833 1249 4896; x_wconf 82' lang='lat'><strong>5.</strong></span> <span class='ocrx_word' id='word_1_447' title='bbox 1268 4832 1351 4896; x_wconf 79' lang='lat' dir='ltr'><strong>attis</strong></span> <span class='ocrx_word' id='word_1_448' title='bbox 1365 4831 1534 4897; x_wconf 85' lang='lat' dir='ltr'><strong>beneflciis</strong></span> <span class='ocrx_word' id='word_1_449' title='bbox 1556 4840 1649 4898; x_wconf 90' lang='lat' dir='ltr'><strong>antea</strong></span> <span class='ocrx_word' id='word_1_450' title='bbox 1665 4831 1810 4914; x_wconf 90' lang='lat' dir='ltr'><strong>legitime</strong></span> <span class='ocrx_word' id='word_1_451' title='bbox 1825 4829 1939 4895; x_wconf 88' lang='lat' dir='ltr'><strong>obtentis</strong></span> 
     </span>
     <span class='ocr_line' id='line_1_46' title="bbox 344 4929 1940 5019; baseline 0 -27"><span class='ocrx_word' id='word_1_452' title='bbox 344 4929 402 5011; x_wconf 89' lang='lat' dir='ltr'><strong>qni</strong></span> <span class='ocrx_word' id='word_1_453' title='bbox 419 4929 597 4994; x_wconf 88' lang='lat' dir='ltr'><strong>simoniace</strong></span> <span class='ocrx_word' id='word_1_454' title='bbox 614 4929 784 4994; x_wconf 82' lang='lat' dir='ltr'><strong>conterunt</strong></span> <span class='ocrx_word' id='word_1_455' title='bbox 809 4940 841 4996; x_wconf 92' lang='lat' dir='ltr'><strong>et</strong></span> <span class='ocrx_word' id='word_1_456' title='bbox 865 4933 1052 5016; x_wconf 91' lang='lat' dir='ltr'><strong>suscipiunt</strong></span> <span class='ocrx_word' id='word_1_457' title='bbox 1067 4937 1133 5016; x_wconf 94' lang='lat' dir='ltr'><strong>pri·</strong></span> <span class='ocrx_word' id='word_1_458' title='bbox 1180 4952 1245 5000; x_wconf 92' lang='lat' dir='ltr'><strong>non</strong></span> <span class='ocrx_word' id='word_1_459' title='bbox 1269 4944 1318 5000; x_wconf 91' lang='lat' dir='ltr'><strong>est</strong></span> <span class='ocrx_word' id='word_1_460' title='bbox 1332 4938 1406 5018; x_wconf 87' lang='lat' dir='ltr'><strong>ipso</strong></span> <span class='ocrx_word' id='word_1_461' title='bbox 1418 4937 1494 5019; x_wconf 89' lang='lat' dir='ltr'><strong>jure</strong></span> <span class='ocrx_word' id='word_1_462' title='bbox 1511 4943 1542 5001; x_wconf 91' lang='lat' dir='ltr'><strong>et</strong></span> <span class='ocrx_word' id='word_1_463' title='bbox 1553 4936 1636 5001; x_wconf 88' lang='lat' dir='ltr'><strong>lacto</strong></span> <span class='ocrx_word' id='word_1_464' title='bbox 1651 4937 1807 5016; x_wconf 83' lang='lat' dir='ltr'><strong>privatus,</strong></span> <span class='ocrx_word' id='word_1_465' title='bbox 1823 4935 1873 4998; x_wconf 87' lang='lat' dir='ltr'><strong>sed</strong></span> <span class='ocrx_word' id='word_1_466' title='bbox 1891 4931 1940 5013; x_wconf 86' lang='lat' dir='ltr'><strong>pri·</strong></span> 
     </span>
     <span class='ocr_line' id='line_1_47' title="bbox 343 5033 1937 5122; baseline 0.005 -31"><span class='ocrx_word' id='word_1_467' title='bbox 343 5046 428 5092; x_wconf 88' lang='lat' dir='ltr'><strong>mom</strong></span> <span class='ocrx_word' id='word_1_468' title='bbox 455 5036 659 5094; x_wconf 79' lang='lat' dir='ltr'><strong>tonsuram.»</strong></span> <span class='ocrx_word' id='word_1_469' title='bbox 681 5033 896 5116; x_wconf 81' lang='lat' dir='ltr'><strong>(Scnnsnzcn.</strong></span> <span class='ocrx_word' id='word_1_470' title='bbox 912 5036 958 5098; x_wconf 83' lang='lat' dir='ltr'><strong>Dc</strong></span> <span class='ocrx_word' id='word_1_471' title='bbox 983 5037 1131 5111; x_wconf 84' lang='lat' dir='ltr'><strong>simonie,</strong></span> <span class='ocrx_word' id='word_1_472' title='bbox 1182 5038 1246 5103; x_wconf 87' lang='lat' dir='ltr'><strong>rari</strong></span> <span class='ocrx_word' id='word_1_473' title='bbox 1262 5048 1366 5119; x_wconf 89' lang='lat' dir='ltr'><strong>potest</strong></span> <span class='ocrx_word' id='word_1_474' title='bbox 1381 5037 1518 5122; x_wconf 80' lang='lat' dir='ltr'><strong>ajudioe</strong></span> <span class='ocrx_word' id='word_1_475' title='bbox 1536 5057 1592 5104; x_wconf 87' lang='lat' dir='ltr'><strong>ner</strong></span> <span class='ocrx_word' id='word_1_476' title='bbox 1606 5039 1798 5103; x_wconf 87' lang='lat' dir='ltr'><strong>sententiam</strong></span> <span class='ocrx_word' id='word_1_477' title='bbox 1812 5037 1937 5101; x_wconf 88' lang='lat' dir='ltr'><strong>conden·</strong></span> 
     </span>
     <span class='ocr_line' id='line_1_48' title="bbox 343 5129 1349 5215; baseline 0.005 -20"><span class='ocrx_word' id='word_1_478' title='bbox 343 5149 376 5195; x_wconf 92' lang='lat' dir='ltr'><strong>n.</strong></span> <span class='ocrx_word' id='word_1_479' title='bbox 392 5133 462 5195; x_wconf 75' lang='lat'><strong>257.</strong></span> <span class='ocrx_word' id='word_1_480' title='bbox 480 5139 510 5194; x_wconf 90' lang='lat' dir='ltr'><strong>et</strong></span> <span class='ocrx_word' id='word_1_481' title='bbox 529 5129 633 5215; x_wconf 88' lang='lat' dir='ltr'><strong>seqq.)</strong></span> <span class='ocrx_word' id='word_1_482' title='bbox 1180 5137 1349 5202; x_wconf 85' lang='lat' dir='ltr'><strong>nuteriam.</strong></span> 
     </span>
    </p>

    <p class='ocr_par' dir='ltr' id='par_1_8' title="bbox 341 5231 2005 5930">
     <span class='ocr_line' id='line_1_49' title="bbox 383 5231 1938 5323; baseline -0.001 -28"><span class='ocrx_word' id='word_1_483' title='bbox 383 5233 470 5296; x_wconf 88' lang='lat' dir='ltr'><strong>Vlll.</strong></span> <span class='ocrx_word' id='word_1_484' title='bbox 484 5231 560 5309; x_wconf 80' lang='lat' dir='ltr'><strong>Qun</strong></span> <span class='ocrx_word' id='word_1_485' title='bbox 574 5239 1132 5323; x_wconf 83' lang='lat' dir='ltr'><strong>pnnoectctutrcrintjurealtinen-</strong></span> <span class='ocrx_word' id='word_1_486' title='bbox 1220 5237 1276 5301; x_wconf 82' lang='lat' dir='ltr'><strong>lx.</strong></span> <span class='ocrx_word' id='word_1_487' title='bbox 1299 5237 1363 5301; x_wconf 82' lang='lat' dir='ltr'><strong>Per</strong></span> <span class='ocrx_word' id='word_1_488' title='bbox 1388 5240 1554 5306; x_wconf 79' lang='lat' dir='ltr'><strong>simonium</strong></span> <span class='ocrx_word' id='word_1_489' title='bbox 1581 5238 1829 5322; x_wconf 68' lang='lat' dir='ltr'><strong>confidentinlcrn</strong></span> <span class='ocrx_word' id='word_1_490' title='bbox 1854 5237 1938 5298; x_wconf 90' lang='lat' dir='ltr'><strong>incur·</strong></span> 
     </span>
     <span class='ocr_line' id='line_1_50' title="bbox 344 5331 2005 5430; baseline 0.012 -34"><span class='ocrx_word' id='word_1_491' title='bbox 344 5331 429 5396; x_wconf 81' lang='lat' dir='ltr'><strong>tibur</strong></span> <span class='ocrx_word' id='word_1_492' title='bbox 447 5343 476 5396; x_wconf 84' lang='lat' dir='ltr'><strong>ct</strong></span> <span class='ocrx_word' id='word_1_493' title='bbox 492 5336 726 5415; x_wconf 75' lang='lat' dir='ltr'><strong>conserentibus</strong></span> <span class='ocrx_word' id='word_1_494' title='bbox 746 5337 896 5419; x_wconf 79' lang='lat' dir='ltr'><strong>beneficio</strong></span> <span class='ocrx_word' id='word_1_495' title='bbox 916 5341 1131 5407; x_wconf 83' lang='lat' dir='ltr'><strong>ecclesiastica</strong></span> <span class='ocrx_word' id='word_1_496' title='bbox 1181 5338 1291 5403; x_wconf 80' lang='lat' dir='ltr'><strong>riturs</strong></span> <span class='ocrx_word' id='word_1_497' title='bbox 1319 5339 1662 5405; x_wconf 67' lang='lat' dir='ltr'><strong>communicatio</strong></span> <span class='ocrx_word' id='word_1_498' title='bbox 1686 5346 1843 5404; x_wconf 79' lang='lat' dir='ltr'><strong>reservata</strong></span> <span class='ocrx_word' id='word_1_499' title='bbox 1860 5351 1935 5414; x_wconf 87' lang='lat' dir='ltr'><strong>pape,</strong></span> <span class='ocrx_word' id='word_1_500' title='bbox 2004 5403 2005 5430; x_wconf 61' lang='lat'><strong>,</strong></span> 
     </span>
     <span class='ocr_line' id='line_1_51' title="bbox 341 5433 2005 5524; baseline 0.001 -30"><span class='ocrx_word' id='word_1_501' title='bbox 341 5433 764 5514; x_wconf 57' lang='lat' dir='ltr'><strong>percensuerunt-lcii:</strong></span> <span class='ocrx_word' id='word_1_502' title='bbox 777 5455 814 5502; x_wconf 88' lang='lat' dir='ltr'><strong>ea</strong></span> <span class='ocrx_word' id='word_1_503' title='bbox 834 5439 1031 5519; x_wconf 89' lang='lat' dir='ltr'><strong>obtinentes,</strong></span> <span class='ocrx_word' id='word_1_504' title='bbox 1048 5449 1079 5505; x_wconf 89' lang='lat' dir='ltr'><strong>et</strong></span> <span class='ocrx_word' id='word_1_505' title='bbox 1102 5443 1125 5507; x_wconf 91' lang='lat' dir='ltr'><strong>ii</strong></span> <span class='ocrx_word' id='word_1_506' title='bbox 1179 5440 1243 5505; x_wconf 89' lang='lat' dir='ltr'><strong>lata</strong></span> <span class='ocrx_word' id='word_1_507' title='bbox 1266 5441 1300 5505; x_wconf 90' lang='lat' dir='ltr'><strong>in</strong></span> <span class='ocrx_word' id='word_1_508' title='bbox 1316 5458 1541 5523; x_wconf 88' lang='lat' dir='ltr'><strong>quoscunque,</strong></span> <span class='ocrx_word' id='word_1_509' title='bbox 1561 5443 1617 5524; x_wconf 92' lang='lat' dir='ltr'><strong>qui</strong></span> <span class='ocrx_word' id='word_1_510' title='bbox 1652 5459 1721 5506; x_wconf 87' lang='lat' dir='ltr'><strong>eam</strong></span> <span class='ocrx_word' id='word_1_511' title='bbox 1763 5441 1936 5505; x_wconf 85' lang='lat' dir='ltr'><strong>committunt</strong></span> <span class='ocrx_word' id='word_1_512' title='bbox 2004 5441 2005 5452; x_wconf 60' lang='lat'>¹</span> 
     </span>
     <span class='ocr_line' id='line_1_52' title="bbox 343 5535 1937 5623; baseline 0.001 -27"><span class='ocrx_word' id='word_1_513' title='bbox 343 5535 440 5598; x_wconf 88' lang='lat' dir='ltr'><strong>ctiam</strong></span> <span class='ocrx_word' id='word_1_514' title='bbox 458 5551 476 5596; x_wconf 91' lang='lat' dir='ltr'><strong>a</strong></span> <span class='ocrx_word' id='word_1_515' title='bbox 495 5535 629 5616; x_wconf 91' lang='lat' dir='ltr'><strong>quibus,</strong></span> <span class='ocrx_word' id='word_1_516' title='bbox 642 5546 674 5602; x_wconf 93' lang='lat' dir='ltr'><strong>et</strong></span> <span class='ocrx_word' id='word_1_517' title='bbox 698 5555 838 5621; x_wconf 91' lang='lat' dir='ltr'><strong>quorum</strong></span> <span class='ocrx_word' id='word_1_518' title='bbox 855 5544 1065 5622; x_wconf 87' lang='lat' dir='ltr'><strong>mediatione,</strong></span> <span class='ocrx_word' id='word_1_519' title='bbox 1079 5545 1130 5609; x_wconf 86' lang='lat' dir='ltr'><strong>rel</strong></span> <span class='ocrx_word' id='word_1_520' title='bbox 1180 5541 1251 5608; x_wconf 82' lang='lat' dir='ltr'><strong>siro</strong></span> <span class='ocrx_word' id='word_1_521' title='bbox 1274 5542 1380 5606; x_wconf 90' lang='lat' dir='ltr'><strong>dando</strong></span> <span class='ocrx_word' id='word_1_522' title='bbox 1408 5542 1479 5606; x_wconf 83' lang='lat' dir='ltr'><strong>siue</strong></span> <span class='ocrx_word' id='word_1_523' title='bbox 1505 5543 1702 5623; x_wconf 87' lang='lat' dir='ltr'><strong>recipiendo.</strong></span> <span class='ocrx_word' id='word_1_524' title='bbox 1732 5545 1807 5606; x_wconf 70' lang='grc'><strong>-2,</strong></span> <span class='ocrx_word' id='word_1_525' title='bbox 1826 5537 1937 5604; x_wconf 85' lang='lat' dir='ltr'><strong>loterdi·</strong></span> 
     </span>
     <span class='ocr_line' id='line_1_53' title="bbox 343 5635 1936 5725; baseline 0.002 -31"><span class='ocrx_word' id='word_1_526' title='bbox 343 5635 571 5711; x_wconf 89' lang='lat' dir='ltr'><strong>cooperatione</strong></span> <span class='ocrx_word' id='word_1_527' title='bbox 596 5637 640 5700; x_wconf 87' lang='lat' dir='ltr'><strong>ita</strong></span> <span class='ocrx_word' id='word_1_528' title='bbox 664 5639 861 5719; x_wconf 87' lang='lat' dir='ltr'><strong>obtinentur,</strong></span> <span class='ocrx_word' id='word_1_529' title='bbox 891 5643 965 5724; x_wconf 90' lang='lat' dir='ltr'><strong>ipse</strong></span> <span class='ocrx_word' id='word_1_530' title='bbox 988 5646 1075 5725; x_wconf 89' lang='lat' dir='ltr'><strong>jure,</strong></span> <span class='ocrx_word' id='word_1_531' title='bbox 1100 5653 1131 5710; x_wconf 92' lang='lat' dir='ltr'><strong>et</strong></span> <span class='ocrx_word' id='word_1_532' title='bbox 1177 5653 1263 5712; x_wconf 83' lang='lat' dir='ltr'><strong>ctum</strong></span> <span class='ocrx_word' id='word_1_533' title='bbox 1287 5645 1327 5708; x_wconf 90' lang='lat' dir='ltr'><strong>ab</strong></span> <span class='ocrx_word' id='word_1_534' title='bbox 1348 5644 1499 5725; x_wconf 84' lang='lat' dir='ltr'><strong>ingressu</strong></span> <span class='ocrx_word' id='word_1_535' title='bbox 1529 5643 1684 5719; x_wconf 80' lang='lat' dir='ltr'><strong>ecclesie,</strong></span> <span class='ocrx_word' id='word_1_536' title='bbox 1717 5645 1814 5706; x_wconf 87' lang='lat' dir='ltr'><strong>latum</strong></span> <span class='ocrx_word' id='word_1_537' title='bbox 1844 5637 1936 5715; x_wconf 87' lang='lat' dir='ltr'><strong>inepi-</strong></span> 
     </span>
     <span class='ocr_line' id='line_1_54' title="bbox 342 5730 1935 5828; baseline 0.006 -33"><span class='ocrx_word' id='word_1_538' title='bbox 342 5730 425 5796; x_wconf 80' lang='lat' dir='ltr'><strong>sacro</strong></span> <span class='ocrx_word' id='word_1_539' title='bbox 451 5735 621 5800; x_wconf 89' lang='lat' dir='ltr'><strong>incurrunt</strong></span> <span class='ocrx_word' id='word_1_540' title='bbox 650 5741 1015 5809; x_wconf 85' lang='lat' dir='ltr'><strong>excommunicationem</strong></span> <span class='ocrx_word' id='word_1_541' title='bbox 1042 5763 1133 5828; x_wconf 81' lang='lat' dir='ltr'><strong>papae</strong></span> <span class='ocrx_word' id='word_1_542' title='bbox 1180 5763 1307 5826; x_wconf 67' lang='lat' dir='ltr'><strong>sonoros,</strong></span> <span class='ocrx_word' id='word_1_543' title='bbox 1343 5745 1492 5827; x_wconf 88' lang='lat' dir='ltr'><strong>aliosque</strong></span> <span class='ocrx_word' id='word_1_544' title='bbox 1520 5745 1706 5824; x_wconf 90' lang='lat' dir='ltr'><strong>superiores</strong></span> <span class='ocrx_word' id='word_1_545' title='bbox 1739 5743 1886 5823; x_wconf 81' lang='lat' dir='ltr'><strong>prelatos.</strong></span> <span class='ocrx_word' id='word_1_546' title='bbox 1907 5771 1935 5783; x_wconf 91' lang='lat'>-</span> 
     </span>
     <span class='ocr_line' id='line_1_55' title="bbox 344 5837 2004 5930; baseline 0.006 -32"><span class='ocrx_word' id='word_1_547' title='bbox 344 5843 547 5903; x_wconf 78' lang='lat' dir='ltr'><strong>reservatam.</strong></span> <span class='ocrx_word' id='word_1_548' title='bbox 567 5837 747 5924; x_wconf 84' lang='lat' dir='ltr'><strong>(Extrarag.</strong></span> <span class='ocrx_word' id='word_1_549' title='bbox 764 5841 1131 5928; x_wconf 65' lang='lat' dir='ltr'><strong>contrectationes</strong></span> <span class='ocrx_word' id='word_1_550' title='bbox 1182 5851 1212 5916; x_wconf 80' lang='lat'><strong>³.</strong></span> <span class='ocrx_word' id='word_1_551' title='bbox 1243 5849 1378 5916; x_wconf 84' lang='lat' dir='ltr'><strong>Nullltas</strong></span> <span class='ocrx_word' id='word_1_552' title='bbox 1404 5847 1643 5930; x_wconf 79' lang='lat' dir='ltr'><strong>resignationis,</strong></span> <span class='ocrx_word' id='word_1_553' title='bbox 1664 5852 1695 5913; x_wconf 87' lang='lat' dir='ltr'><strong>et</strong></span> <span class='ocrx_word' id='word_1_554' title='bbox 1708 5843 1878 5913; x_wconf 86' lang='lat' dir='ltr'><strong>collationis</strong></span> <span class='ocrx_word' id='word_1_555' title='bbox 1892 5855 1933 5922; x_wconf 82' lang='lat' dir='ltr'><strong>per</strong></span> <span class='ocrx_word' id='word_1_556' title='bbox 2003 5887 2004 5898; x_wconf 62' lang='lat'><strong>.</strong></span> 
     </span>
    </p>
   </div>
   <div class='ocr_carea' id='block_1_5' title="bbox 0 0 2061 6448">
    <p class='ocr_par' dir='ltr' id='par_1_9' title="bbox 0 0 2061 6448">
     <span class='ocr_line' id='line_1_56' title="bbox 0 0 2061 6448; baseline 0 0"><span class='ocrx_word' id='word_1_557' title='bbox 0 0 2061 6448; x_wconf 95' lang='lat' dir='ltr'><strong> </strong></span> 
     </span>
    </p>
   </div>
  </div>
 </body>
</html>
