4046 6460
262 381 315 446 2:³3

262 490 378 570 copula
400 498 470 570 post
503 497 698 551 contractum
730 487 968 549 matrimonium
996 484 1051 544 lra-

264 593 328 655 bila
368 609 441 654 cum
467 589 636 670 aliquarel
678 587 856 668 aliquosui
903 585 1052 665 conjugis

264 690 572 772 consanguineam!
602 689 843 768 consanguineo
882 687 914 749 in
950 687 1052 766 primo

263 795 312 856 rel
339 795 481 855 secundo
512 793 635 874 gradu,
670 789 870 870 probabilius
904 798 951 851 est
987 804 1051 850 uon

157 907 159 912 ·
263 909 358 970 posse
374 895 574 972 dispensare,
599 891 662 954 uisi
685 891 819 952 habeant
838 891 876 952 ad
900 890 961 952 hoc
979 907 1050 968 spe·

263 993 374 1054 cialem
403 993 664 1056 commissionem
695 1002 725 1054 el
760 992 956 1055 licentiame
982 991 1052 1054 suis

262 1091 487 1166 superioribus
513 1093 701 1172 majoribus,
729 1099 805 1172 puta
846 1091 1051 1174 generalibus

261 1189 516 1268 provincialibus
540 1198 572 1253 et
590 1192 830 1271 hujusmodi...

302 1291 401 1352 «Non
444 1291 564 1353 desunt
602 1299 707 1353 tamen
752 1291 899 1354 doctores
944 1291 1050 1369 magni

244 1389 403 1451 'nominis
430 1391 487 1470 qui
517 1409 669 1470 expirasse
682 1398 793 1454 tenent
815 1409 910 1474 posse
926 1391 1052 1454 contes-

260 1487 365 1549 sarios
382 1488 558 1569 regulares,
577 1491 671 1552 etiam
692 1491 764 1553 sine
803 1491 935 1570 speciali
963 1508 1053 1554 oom-

262 1587 419 1650 missione
442 1598 472 1651 et
499 1583 628 1653 licentia
652 1591 860 1669 provincialis
876 1593 925 1655 vel
952 1610 1054 1672 geue-

260 1687 350 1762 ralis,
385 1689 572 1769 dispensare
596 1709 695 1772 super
732 1692 964 1771 impedimento
995 1712 1052 1774 pe-

261 1788 349 1850 tendi
368 1777 523 1853 ‘debitum
554 1792 677 1854 ratione
694 1791 855 1856 affinitatis
885 1803 1053 1858 contractas

262 1904 302 1948 ex
331 1889 445 1967 copula
473 1897 543 1968 post
578 1898 774 1954 contractum
810 1893 1050 1956 matrimonium

264 1985 371 2050 habita
397 2007 470 2052 cum
496 1991 604 2068 alioue
632 1993 680 2054 rel
697 1993 808 2073 aliquo
826 1995 878 2057 sui
902 1997 1051 2076 conjugis

262 2090 521 2166 consanguinea,
539 2094 587 2154 vel
615 2094 858 2172 consanguineo
887 2097 918 2158 in
950 2098 1051 2177 primo

261 2187 311 2248 rel
328 2191 470 2253 secundo
487 2193 599 2272 gradu.
626 2196 672 2256 lta
700 2195 800 2258 Diaua
835 2204 866 2260 et
905 2198 1049 2280 aliiplo-

261 2287 387 2351 rimi...
407 2291 441 2351 Et
459 2309 612 2371 expresse
639 2295 779 2357 sustinet
823 2297 1049 2373 Reiffeustuol,

259 2384 320 2448 lib.
336 2390 379 2450 ll'
396 2391 564 2468 lacerarat..
593 2395 627 2456 iu
651 2399 850 2473 apparatae
875 2399 1049 2480 dispensat.

260 2503 356 2565 super
368 2488 604 2569 impedimentis,
621 2511 652 2555 u.
668 2495 724 2556 577
737 2513 809 2558 eum
824 2500 1051 2577 sequentibus,

260 2585 425 2652 adducens
454 2592 662 2672 priuilegium
688 2595 1050 2664 bullatumconcessum

260 2685 320 2747 Pl’.
344 2689 620 2766 augustinianisa
637 2696 742 2758 Leone
767 2699 797 2759 Χ
812 2699 897 2779 quod
916 2718 988 2762 oum
1001 2702 1051 2763 iris

262 2783 318 2862 qui
336 2785 368 2846 iu
389 2787 492 2865 primo
517 2791 680 2855 allinitalis
706 2796 807 2874 gradu
830 2799 967 2862 scienter
998 2810 1052 2863 aut

261 2880 448 2958 ignoranter
480 2900 720 2968 contraierant,
762 2901 856 2960 modo
888 2901 1050 2964 notorium

261 2981 295 3044 id
322 3001 384 3048 raon
406 2987 505 3051 fuerit
535 3009 642 3072 neque
668 2994 828 3074 judicium
860 3002 1051 3079 productum

262 3081 453 3162 dispensare
482 3091 618 3167 valeant,
638 3104 671 3157 ut
699 3098 739 3158 de
756 3114 839 3160 noro
866 3103 1053 3167 contrahant

263 3190 295 3244 et
324 3186 356 3247 in
381 3190 495 3252 eodem
519 3203 682 3259 contracto
712 3201 919 3267 matrimonio
949 3225 1053 3269 rema-

263 3294 371 3362 neant,
402 3289 491 3367 prole
507 3294 601 3355 etiam
633 3295 830 3378 legitima...
852 3306 945 3384 allo.
973 3307 1051 3372 ibid.

265 3401 296 3446 u.
316 3388 354 3448 18
372 3398 402 3450 et
429 3392 513 3473 seq.)

304 3487 376 3551 XX.
396 3490 589 3558 confessarii
607 3501 770 3579 regulares
787 3505 950 3584 approbati
968 3510 1054 3570 ordi-

263 3602 341 3647 num
357 3591 665 3680 blandirentiuur,ao
685 3601 720 3664 in
742 3583 854 3667 'eorum
870 3609 1053 3689 privilegiis

264 3693 584 3772 cominunicantium,
623 3711 761 3780 possunt
801 3707 988 3786 dispensare
1023 3722 1053 3774 et

263 3799 459 3856 commutare
486 3799 593 3861 omnia
636 3809 707 3864 rota
735 3805 830 3867 etiam
872 3809 923 3886 pic
949 3811 1053 3890 jurata

263 3891 477 3970 saecularium,
505 3898 538 3960 in
566 3902 772 3983 quibusJ'ure
791 3909 955 3972 ordinario
979 3931 1051 3990 pos·

265 3997 340 4052 suut
362 3993 550 4072 dispensare
577 4001 733 4081 episcopi.
761 4006 849 4067 Unde
866 4008 1053 4072 confessarii

267 4090 434 4169 regulares
465 4096 654 4176 dispensare
681 4115 816 4182 possunt
841 4107 874 4169 in
903 4111 1055 4173 omnibus

266 4189 363 4260 rotis,
386 4194 531 4272 exceptis
562 4197 710 4279 quinque
745 4220 833 4300 papae
863 4209 1053 4284 reservatis;

266 4301 432 4367 quaesunt
461 4313 575 4374 uernpe
611 4310 720 4362 votum
749 4303 971 4383 ingrediendo
1002 4327 1055 4372 re-

266 4388 401 4469 ligionis
428 4395 468 4456 ab
484 4396 621 4461 Ecclesia
653 4402 844 4481 approbare,
867 4417 975 4469 votum
1006 4429 1055 4473 ca·

266 4495 382 4558 stitutis
411 4495 588 4576 integraeet
619 4509 791 4580 perpetuae.
819 4512 928 4567 ratum
962 4525 1055 4586 pere·

266 4599 777 4680 grinationisHierosolymitanae
803 4606 841 4668 ad
871 4609 902 4670 S.
939 4610 1055 4688 Sepul-

267 4716 369 4774 crum,
394 4709 501 4763 votum
539 4703 806 4782 peregrinationis
838 4708 989 4775 Romanae
1015 4711 1055 4774 ad

267 4798 381 4862 limine
394 4801 633 4880 Apostolorum,
652 4812 681 4868 et
698 4813 805 4868 ratum
818 4811 1054 4888 peregrinatio·

268 4900 320 4964 nis
336 4903 646 4981 compostellanensi
656 4909 688 4968 S.
701 4907 854 4970 lucabum
866 4909 1051 4976 devotionis

267 5004 590 5083 causa.Commuuis;
607 5025 672 5087 erg.
683 5015 844 5090 extravag.
860 5012 932 5074 Etsi
943 5014 1054 5078 Domi-

269 5103 337 5166 ru’ci
348 5104 379 5177 5,
393 5107 438 5166 ile
445 5107 609 5184 pauitant.
627 5118 655 5169 at
668 5110 806 5186 remiss„
818 5111 874 5173 ubi
892 5114 952 5176 sub
964 5133 1055 5194 poenu

269 5205 611 5268 excommunicationis
627 5207 826 5284 prohibetur,
842 5227 882 5273 ne
898 5213 972 5291 quis
984 5213 1056 5275 sine

269 5305 400 5384 speciali
420 5307 551 5369 licentia
583 5323 670 5385 papan
697 5307 730 5369 in
761 5309 870 5389 aliquo
897 5311 1055 5374 dictorum

270 5405 421 5486 quinque·
434 5413 583 5469 rotarum
600 5408 790 5492 dispenset.)
808 5444 845 5455 —-
870 5412 1056 5476 Reservatio

270 5505 427 5568 dictorum
458 5509 603 5588 quinque
622 5515 766 5572 votorum
781 5529 853 5574 carm
880 5511 921 5575 sit
944 5512 1056 5576 odiosa

272 5609 1057 5693 utpoteordinariampotestatemrestringens,est

271 5705 518 5773 omninostriute
536 5711 787 5787 interpretenda.
801 5708 888 5792 (Arg.
900 5731 926 5777 o.
940 5714 1058 5777 Odiosa

274 5807 310 5870 15
326 5807 369 5868 Dc
385 5811 484 5886 repul.
492 5811 579 5890 J'uris
594 5810 625 5876 itt
638 5811 680 5890 6.)
694 5808 781 5873 ando
798 5811 869 5874 talis
883 5815 1057 5878 resert'alio

693 335 694 338 Ὺ
768 363 1364 439 turriscanourcr‘couruumuu.

1842 373 1911 436 224

1109 491 1157 545 est
1174 483 1381 562 intelligenda
1412 485 1518 546 solum
1533 485 1572 548 de
1592 485 1674 548 rotis
1691 487 1819 563 proprie
1850 489 1914 548 di·

1108 587 1166 646 atis
1206 584 1365 661 perlectis,
1405 586 1638 657 determinatis,
1671 586 1840 684 absolutis,
1873 597 1914 650 et

1109 683 1242 762 quidem
1271 683 1403 762 precise
1433 683 1539 762 quoad
1575 686 1804 758 substantiam,
1832 703 1911 748 non

1107 793 1213 846 autem
1245 783 1416 863 qualitates
1446 791 1477 846 et
1497 785 1754 847 circumstantias
1772 803 1910 848 uorum.
2009 777 2010 788 ’

1110 887 1145 945 m
1163 885 1242 946 siin
1262 884 1373 964 aliquo
1387 885 1546 956 deliciunt.
1575 884 1650 947 licet
1677 885 1743 949 sint
1784 885 1911 958 aalide.

1108 1001 1171 1046 nun
1188 994 1263 1046 siant
1280 995 1383 1048 temen
1400 992 1556 1048 reservata
1574 1006 1582 1060 ;
1616 984 1757 1067 ideoque
1774 987 1913 1050 coales-

1107 1084 1185 1147 sarii
1207 1085 1371 1164 regulares
1390 1085 1476 1147 sicut
1493 1095 1523 1146 et
1551 1087 1692 1165 episcopi
1711 1096 1848 1167 possunt
1863 1106 1910 1150 ea

1107 1182 1295 1261 dispensare
1329 1192 1360 1245 et
1412 1193 1621 1247 conrmutare.
1651 1185 1715 1263 (Sic
1746 1186 1907 1248 doctores

1111 1282 1351 1363 communiter.)
1366 1318 1403 1326 --
1423 1285 1567 1346 Fanum.
1587 1288 1674 1349 verb.
1697 1287 1820 1360 Votum,
1837 1294 1905 1348 art.
2009 1347 2010 1366 ,

1106 1384 1136 1458 3,
1155 1402 1186 1446 n.
1210 1387 1249 1446 ’Π
1265 1393 1295 1446 et
1311 1394 1393 1465 seq.)

1105 1502 1182 1574 §Vl
1209 1531 1244 1544 -
1265 1502 1304 1560 De
1324 1504 1386 1574 jure
1410 1505 1574 1576 regularium
1594 1506 1683 1575 quoad
1708 1506 1907 1564 consessiones

1337 1575 1494 1630 monialium
1508 1575 1665 1631 audiendas.

1150 1692 1172 1752 Ι.
1208 1689 1427 1754 «confessarii
1458 1690 1648 1754 monialium
1675 1691 1796 1753 debent
1824 1708 1905 1754 esse

1107 1793 1272 1872 apruobati
1295 1793 1334 1855 ab
1360 1793 1526 1855 ordinario
1543 1792 1616 1867 loci,
1652 1793 1801 1870 qirarnris
1831 1793 1905 1854 sint

1107 1893 1271 1972 regulares
1301 1909 1358 1973 pro
1390 1893 1586 1956 monialibus
1617 1894 1681 1956 sibi
1716 1893 1903 1973 subjectis;

1106 1997 1284 2074 Gregorius
1322 1996 1428 2056 XVin
1460 2003 1562 2056 const.
1594 1995 1816 2070 luscratabili,
1846 1995 1904 2056 his

1114 2097 1239 2158 verbis:
1258 2119 1271 2152 u
1290 2096 1492 2175 Couscssorca
1519 2113 1603 2170 vero,
1639 2097 1704 2157 sica
1734 2075 1927 2174 repulurcs⁰

1105 2199 1170 2259 siae
1185 2198 1349 2258 socrtlarea
1366 2196 1640 2276 perorandocuuqua
1668 2199 1819 2277 corrupti,
1833 2208 1904 2258 tarn

1106 2297 1277 2372 ordinarii,
1291 2317 1381 2376 quarn
1397 2296 1900 2376 catraordiuarii,adcoufassio-

1105 2417 1159 2458 racs
1174 2399 1368 2473 urouiulium,
1393 2400 1484 2460 alicu
1498 2399 1698 2478 regularibus
1731 2398 1900 2479 subjecta-

1105 2521 1176 2563 rum
1194 2501 1378 2576 audieudas,
1409 2504 1591 2564 uullutcuus
1604 2503 1753 2583 deputari
1759 2504 1901 2579 caleant,

1105 2606 1170 2666 uisi
1183 2605 1276 2684 prius
1304 2604 1341 2665 ab
1367 2604 1514 2683 episcopo
1534 2603 1707 2667 diocesano
1721 2605 1829 2666 idonci
1841 2607 1904 2685 ju·
2009 2637 2010 2678 3

1106 2703 1263 2779 dicentur,
1295 2714 1324 2765 et
1340 2702 1611 2783 approbationem,
1627 2705 1806 2783 peragratis
1824 2723 1903 2766 corr·
2009 2751 2010 2792 3

1106 2802 1433 2880 cedatur,obtiueaut.
1464 2805 1500 2864 Et
1529 2804 1576 2866 sic
1614 2821 1768 2882 expresse
1802 2805 1902 2868 etiam

1106 2921 1187 2966 sacr.
1218 2903 1466 2983 coargullouoil.
1502 2903 1536 2965 in
1558 2903 1774 2967 declaratione
1806 2906 1902 2968 dictes
2009 2943 2010 2962 .

1106 3003 1387 3067 constitutionis...
1406 3004 1550 3082 insuper,
1579 3003 1749 3066 declarans
1769 3003 1902 3068 confes-

1107 3107 1218 3168 siones
1241 3104 1430 3166 monialium
1446 3105 1572 3167 ariditas
1587 3121 1604 3167 a
1620 3104 1902 3185 talibussuperio·
2009 3133 2010 3146 κ

1108 3204 1902 3285 ribusregularibussineapprobationeepiscopi
2009 3241 2010 3244 π

1107 3325 1179 3370 esse
1210 3307 1329 3379 nullas,
1346 3319 1382 3368 ut
1398 3313 1483 3384 patet
1496 3306 1529 3367 in
1548 3305 1763 3383 responsione
1780 3306 1821 3368 ad
1842 3323 1901 3368 oc·

1108 3415 1216 3470 tarum
1257 3405 1469 3486 quaesitum...
1489 3405 1752 3486 (apocalama.
1772 3407 1803 3468 iu
1829 3424 1899 3486 cap.

1108 3509 1186 3572 Cum
1210 3505 1331 3586 capella
1344 3509 1392 3581 lb,
1411 3505 1627 3586 beprtvilep.)

1148 3611 1189 3672 lt.
1207 3610 1244 3671 Et
1261 3607 1346 3688 quod
1363 3624 1428 3671 nou
1447 3609 1571 3686 possint
1600 3607 1788 3686 superiores
1806 3624 1903 3684 regu·

1109 3709 1204 3780 lares,
1220 3713 1251 3767 et
1280 3723 1386 3786 neque
1403 3706 1468 3784 ipsi
1488 3705 1656 3785 generales
1674 3705 1790 3768 audire
1819 3721 1902 3766 con-

1108 3806 1269 3868 sessiones
1295 3804 1487 3866 monialium
1509 3802 1571 3864 sibi
1590 3801 1810 3882 subjecturum
1827 3803 1901 3862 siue

1108 3904 1339 3984 approbatione
1372 3903 1530 3980 episcopi,
1571 3903 1690 3965 iterum
1726 3903 1902 3964 declararit
2009 3981 2010 3984 Ἴ

1110 4024 1196 4069 sacra
1225 4002 1431 4085 congregatio
1456 4002 1600 4077 concilii,
1621 4003 1656 4066 iu
1684 4001 1901 4082 responsione

1109 4108 1147 4169 al
1173 4106 1319 4168 abbatem
1337 4105 1521 4184 generalem
1542 4101 1900 4174 Vallumbrosauorum,

1108 4208 1329 4269 23Norembr.
1353 4201 1600 4266 lalandenus·
1622 4209 1725 4263 tamen
1759 4201 1903 4262 Benedi-

1110 4308 1150 4370 oli
1171 4309 1260 4377 Xlll.
1273 4306 1361 4369 bulla
1378 4303 1557 4367 Pastoralia
1569 4301 1678 4382 officii,
1696 4319 1760 4380 qua
1776 4302 1830 4377 58,
1849 4303 1899 4362 sic

1111 4423 1264 4484 expresse
1278 4411 1448 4479 statutum,
1463 4402 1510 4465 Ab
1526 4401 1707 4484 hujusmodi
1721 4412 1824 4462 tamea
1835 4401 1902 4482 lepe

1110 4515 1139 4568 at
1160 4504 1396 4565 ordinatione...
1414 4502 1580 4563 caimimua
1605 4500 1787 4578 superiores
1806 4517 1901 4578 peue-

1109 4607 1204 4680 rales,
1229 4623 1266 4665 ac
1282 4599 1596 4681 atiamproaiucialea
1622 4600 1761 4681 cujusvis
1776 4598 1901 4661 ordinis

1109 4705 1278 4786 regularis,
1294 4701 1466 4782 quibusque
1488 4710 1524 4763 at
1545 4702 1757 4784 consessiones
1778 4703 1901 4762 mauta-

1111 4804 1188 4869 lium
1197 4803 1258 4866 sibi
1267 4801 1476 4879 subiectarum
1487 4798 1778 4878 duutaaambsqac
1789 4799 1900 4860 istius·

1109 4905 1195 4967 modi
1211 4903 1341 4985 speciali
1372 4901 1601 4981 approbatione
1618 4899 1761 4978 episcopi
1789 4898 1900 4961 diace-

1110 5005 1181 5068 saui
1203 5003 1314 5066 audire
1337 5003 1423 5066 licite
1442 5009 1472 5064 et
1485 4998 1589 5062 aalide
1611 4999 1749 5078 partiat,
1763 4999 1898 5077 permit-

1111 5109 1205 5169 timus
1229 5113 1258 5166 et
1279 5102 1488 5183 indulgemus.
1521 5101 1583 5164 Sed
1606 5101 1672 5161 hare
1710 5097 1897 5161 constitutio

1111 5206 1196 5270 edita
1220 5203 1282 5268 luit
1294 5201 1514 5267 tantummodo
1529 5217 1586 5281 pro
1600 5199 1707 5280 regnis
1729 5199 1897 5276 Hispania·

1111 5323 1202 5382 rum;
1234 5305 1322 5369 uude
1351 5309 1495 5366 remanet
1531 5301 1666 5364 dubium
1685 5297 1896 5378 aulaciatjus

1110 5424 1293 5478 commune,
1310 5405 1397 5485 quod
1410 5402 1564 5472 Ferraris.
1580 5401 1668 5464 rerb.
1685 5398 1896 5480 Approbatr'a,

1111 5517 1170 5572 art.
1188 5509 1220 5582 3,
1232 5524 1264 5569 n.
1288 5505 1326 5567 15
1345 5512 1469 5583 etseq..
1487 5501 1620 5572 affirmat
1633 5511 1664 5564 et
1678 5498 1897 5562 demonstrare

1114 5610 1239 5673 nititur.
1255 5607 1354 5670 Nobis
1370 5613 1474 5669 tamen
1499 5606 1616 5670 melius
1639 5603 1770 5670 ridetur
1795 5619 1900 5664 recur-

1114 5709 1252 5773 rendum
1283 5708 1455 5773 adsueram
1479 5725 1590 5786 congr.
1617 5703 1740 5770 Concil.
1764 5700 1899 5783 prosol-

1117 5813 1221 5880 rcudo
1237 5811 1348 5877 dubio.
