4042 6458
142 390 194 454 437
444 393 540 454 PARS
559 393 616 456 fif.
632 393 681 456 DE
698 393 893 458 PERSONIS.
907 419 943 432 -
957 395 1030 458 nto.
1049 395 1100 456 lx.
1122 395 1169 456 DE
1189 395 1322 470 tototS,
1342 394 1422 459 E'fC.
1715 393 1769 458 ild

141 511 263 572 blisum
279 508 519 578 sustinendum
535 510 661 588 justitia
678 512 763 572 enim
784 527 928 576 continu·
983 512 1164 592 principum
1186 510 1439 591 obligationibus
1468 518 1499 570 nt
1511 509 1655 590 juribus.
1686 511 1769 574 Vide

137 608 238 670 tatixa
255 607 405 686 postulat,
425 609 564 688 principi
581 609 706 686 namna
724 629 821 672 ornare
847 628 932 672 com·
981 613 1077 674 etiam
1114 611 1295 674 mor-alietas
1317 611 1422 692 quoad
1454 612 1560 674 varios
1576 628 1682 674 casus.

140 707 271 784 pensari
286 707 381 770 abiis
416 725 554 784 auorum
579 709 679 788 gratia
709 710 848 773 sustinet
881 728 929 783 ee,
1023 708 1171 770 Diximus
1204 717 1353 772 notanter
1384 708 1532 788 legitimis
1560 709 1769 788 potestatibus

137 809 216 887 qaria
235 807 588 889 dipousestaperarius
614 811 837 880 macedonas,-
861 818 927 874 tum
974 807 1067 888 justa
1097 808 1217 869 tributa
1240 808 1378 876 solvere:
1410 825 1482 870 nam
1512 825 1584 870 oum
1609 827 1648 871 cx
1673 808 1769 872 dietis

136 907 217 984 qnia
249 909 312 984 lex,
331 907 379 970 vel
397 910 581 972 mandatum
598 911 780 990 superioris
801 913 928 992 justum
980 921 1077 982 sonno
1094 907 1221 984 lytooni
1244 913 1451 986 usurpatores
1470 915 1499 970 cl
1513 907 1679 970 invasores
1695 907 1769 970 nol·

136 1006 264 1085 obligat
294 1009 327 1069 in
366 1007 564 1071 conscientia
597 1010 689 1092 juxta
718 1011 930 1074 certissimam
981 1003 1044 1068 lam
1070 1007 1231 1068 cortilondi
1260 1008 1347 1086 leges
1377 1007 1767 1076 auctoritatemhabeanl.

135 1107 306 1171 doctorum
337 1110 597 1184 stimonium-..3
628 1120 696 1172 lom
728 1113 825 1175 etiam
853 1115 929 1193 onia
979 1103 1122 1184 ideoque
1144 1105 1199 1184 jns
1227 1125 1289 1168 non
1322 1106 1438 1168 habent
1467 1107 1618 1188 exigendi
1649 1108 1767 1171 tributa

136 1207 297 1288 obligatio
323 1209 930 1292 solvendigabellasjnstas,jnstatri·
980 1221 1053 1284 ouae
1090 1205 1168 1282 linis
1197 1205 1670 1286 nondobeolor·Pt·oindoouo
1704 1223 1766 1268 noo

136 1303 227 1382 buta,
247 1308 412 1386 vectigalia
441 1317 472 1370 et
505 1309 689 1388 hujusmodi
721 1321 769 1373 est
797 1315 837 1375 ue
855 1313 930 1395 juro
980 1305 1271 1367 tenentursubditi
1294 1304 1768 1384 talibusqnaeeunqnetribnta

137 1404 265 1481 divino,
289 1408 435 1488 adeoque
459 1409 629 1488 obligatio
647 1411 854 1474 conscientia.
881 1413 928 1486 Ad
979 1401 1106 1466 solvere
1120 1411 1152 1465 et
1168 1411 1304 1482 possunt
1325 1403 1767 1483 subterfugeresolutiooem,

136 1507 301 1570 Romanos
320 1510 405 1570 enim
426 1526 495 1588 cap.
523 1528 583 1571 xxn
606 1509 724 1573 dicitur
757 1529 928 1592 expresse:
980 1501 1030 1564 Vol
1061 1503 1186 1566 ⁰0⁰¹1¹lt⁵
1211 1520 1432 1582 compensare.

137 1604 214 1667 Ideo
233 1608 357 1668 enimet
374 1607 493 1668 tributo
509 1611 679 1687 praestatis,
695 1610 837 1672 ministri
848 1613 930 1672 enim
1284 1635 1399 1694 CAPUT
1420 1635 1465 1692 ιχ,

138 1707 197 1766 M
215 1707 351 1820 'min
373 1709 430 1768 '⁴⁰⁰
455 1709 559 1786 imm
586 1711 765 1776 mmmm·
797 1711 929 1774 Reddite
980 1744 1019 1800 fle
1035 1745 1116 1799 uariis
1140 1741 1279 1813 potcstatis
1302 1741 1385 1796 ciuilis
1400 1757 1446 1794 seu
1463 1741 1657 1812 arthemationis
1677 1744 1768 1814 surmio

136 1823 211 1882 erpo
222 1807 364 1868 orrtntbtts
379 1807 484 1868 debito
497 1829 507 1868 .·
520 1811 572 1870 attt'
581 1807 746 1884 tribulum,
758 1811 927 1880 trt'bttlttm;
1080 1815 1163 1884 deque
1178 1829 1271 1867 curtim
1286 1811 1393 1881 juribus
1410 1820 1434 1865 ct
1451 1811 1666 1882 obligationibus.

135 1909 346 1988 culceatipol,
363 1910 506 1988 vertipol.
522 1911 560 1972 Et
579 1909 689 1973 nlatth.
706 1929 760 1973 xxx
782 1911 927 1976 Christus
1016 1919 1096 1982 cum
1130 1933 1226 1996 supra
1254 1917 1397 1976 diximus
1432 1913 1566 1979 formem
1598 1919 1767 1994 potestatis

135 2009 220 2086 ipse,
235 2009 502 2089 qrxaestionefocta
515 2011 622 2074 deirae
639 2015 779 2085 materia,
795 2023 927 2076 ostenso
978 2019 1087 2082 civilis
1107 2019 1217 2081 libere
1233 2015 1399 2077 nationum
1422 2013 1575 2077 electioni
1601 2013 1705 2078 fuisse
1721 2035 1768 2078 re-

134 2108 200 2170 sibi
220 2111 413 2172 numismate
430 2129 549 2174 census
567 2113 666 2176 dixit:
695 2113 829 2177 Reddite
850 2133 926 2194 erpo
975 2119 1097 2188 lictum,
1120 2117 1315 2199 principium
1340 2115 1607 2179 enuntiavimus:
1627 2119 1712 2196 quod
1728 2117 1768 2180 ab

133 2217 287 2286 quoerant
301 2211 434 2272 Cosanis
449 2214 926 2293 Cesari,ctquusuot1)elDeo.
976 2221 1048 2300 ipso
1064 2223 1131 2284 neo
1157 2219 1351 2300 applicatum
1381 2215 1456 2291 fuit,
1490 2217 1631 2294 quando,
1659 2218 1765 2280 Eood.

136 2312 209 2372 lano
234 2328 297 2373 noo
323 2321 446 2375 tautum
463 2315 574 2390 verbo,
592 2319 647 2378 sed
666 2315 927 2396 etexiemplodo-
976 2340 1047 2391 xxx,
1067 2321 1279 2400 semetipsum
1311 2318 1344 2380 in
1373 2334 1481 2397 regem
1513 2315 1642 2381 ciuilem
1668 2325 1700 2380 et
1722 2320 1767 2380 lc·

132 2411 205 2472 cuit
223 2411 328 2491 justas
345 2413 527 2492 gabelloset
539 2415 770 2495 justatributa,
788 2417 927 2499 vertige·
974 2423 1161 2504 gislatorem
1203 2437 1291 2484 mere
1335 2419 1542 2498 temporalem
1577 2417 1764 2498 eligendum

135 2509 191 2582 lia,
206 2511 522 2592 etnarjnsmodiesse
535 2515 702 2591 solvenda,
718 2518 795 2580 dum
811 2518 924 2583 uttan.
977 2521 1096 2602 populo
1124 2518 1304 2584 lsreelitioo
1334 2518 1514 2600 proposuit.
1545 2520 1626 2581 Raro
1657 2527 1765 2585 autern
1790 2563 1794 2571 ·

135 2629 213 2685 xrn,
234 2629 290 2690 pro
306 2629 340 2674 se
355 2620 385 2675 el
402 2616 493 2677 Petro
509 2617 665 2680 tributum
680 2617 815 2682 soluit.»
975 2623 1161 2706 hujusmodi
1200 2622 1395 2702 principium
1433 2621 1465 2684 in
1508 2619 1646 2700 perfecta
1683 2623 1766 2684 reri-

175 2713 318 2794 fdenque
340 2715 460 2795 injuste
485 2716 739 2782 «defraudantes
770 2721 923 2801 gabellas,
976 2733 1039 2788 tate
1071 2723 1262 2802 applicatur.
1298 2721 1422 2802 Seuius
1456 2721 1542 2783 enim
1569 2719 1678 2786 fornae
1709 2740 1767 2802 gu·

133 2815 925 2900 tributa,aectigalia,etaliahujusmodi,peecaot
976 2823 1177 2888 deruentionis
1203 2821 1297 2900 quusi
1324 2828 1439 2900 sponte
1467 2820 1677 2882 stabiliuntur
1708 2839 1765 2900 per

134 2930 194 2992 pro
211 2917 542 2994 materiasquantitate
557 2921 708 3000 grauiter,
727 2923 776 2984 vel
798 2922 924 2997 leviter,
975 2923 1249 2996 circumstantias,
1266 2930 1419 3001 tempora,
1448 2921 1701 2984 consuetudines
1733 2929 1764 2985 et

132 3025 163 3077 et
192 3015 231 3076 ad
250 3017 488 3080 restitutionem
506 3028 677 3094 tenantur3
704 3030 753 3084 est
775 3040 924 3085 commu·
973 3042 1065 3100 usus,
1090 3024 1158 3086 sive
1192 3023 1412 3086 necessitates.
1440 3023 1535 3084 Suam
1553 3023 1765 3101 legitimatio-

133 3115 219 3185 ninr,
236 3125 267 3175 et
299 3114 403 3192 reipsa
419 3119 672 3181 rerasententia
695 3121 922 3185 doctorum...»
974 3142 1045 3188 nem
1070 3123 1249 3203 alegitima
1276 3121 1516 3203 prescriptione
1547 3129 1579 3184 et
1609 3123 1762 3200 temporis

174 3215 274 3274 «Non
307 3215 412 3277 solnm
440 3217 575 3290 subditi,
606 3221 785 3282 sedetiam
822 3223 921 3285 exteri
972 3219 1137 3282 sanctione
1161 3217 1339 3296 accipiunt,
1362 3225 1612 3280 manuteneatur
1635 3226 1666 3280 et
1696 3236 1765 3281 ore·

131 3322 287 3376 tenentur
301 3317 338 3378 ad
354 3315 639 3399 solvendasjustas
656 3319 808 3398 gabelles,
821 3324 921 3385 vecti·
972 3327 1066 3381 scunt
1086 3335 1158 3382 sese
1189 3317 1417 3398 identificepdo
1444 3317 1611 3378 nationum
1637 3318 1764 3382 institu-

131 3415 231 3493 galia,
263 3417 408 3496 pedagia,
433 3417 594 3498 guidagia,
608 3419 685 3498 quia
704 3423 809 3499 quoad
826 3440 922 3485 nsum
972 3417 1129 3496 tionibus,
1144 3435 1224 3498 ‹xuas
1240 3416 1435 3480 erolnuntet
1451 3417 1633 3494 perficiunt.
1652 3418 1766 3480 Asuc-

134 3513 297 3588 poutium,
324 3511 476 3586 fontium,
494 3515 633 3590 viarum,
660 3525 690 3578 et
722 3514 922 3594 hujusmodi,
972 3518 1107 3584 cessinis
1133 3516 1400 3599 generationibus
1411 3525 1559 3596 acceptae,
1576 3517 1763 3580 earumdem

131 3611 260 3690 gabello
280 3612 376 3673 etiam
402 3613 523 3675 exteris
553 3613 629 3676 ideo
647 3613 797 3692 imposita
824 3615 923 3696 justi·
974 3617 1764 3698 prosperitati,gloriaestamplificationisesede-
1870 3681 1874 3688 ,

131 3711 332 3773 ficeturcum
344 3712 383 3773 ad
400 3711 529 3774 illorum
551 3714 647 3774 etiam
684 3713 858 3776 utilitatem
875 3731 926 3776 ce·
972 3725 1102 3794 vovent,
1127 3719 1211 3782 sicut
1238 3719 1277 3782 ad
1303 3735 1412 3782 earum
1442 3735 1515 3780 vera
1543 3719 1709 3782 oonxrrroda
1730 3723 1762 3782 et

131 3811 246 3872 dat...»
265 3811 421 3886 (Fannia.
439 3830 469 3872 n.
486 3810 628 3882 debella,
646 3831 676 3873 n.
692 3813 742 3888 2³,
759 3813 886 3892 Mo.)
969 3819 1045 3900 iura
1072 3820 1213 3882 tutanda.
1243 3821 1317 3882 Hoc
1345 3828 1393 3882 est
1423 3817 1477 3882 lex
1501 3819 1758 3898 providentialis,

173 3911 236 3972 Sed
253 3912 408 3990 «quando
438 3913 695 3986 cert0,autsatis
713 3914 923 3992 probabiliter
974 3919 1084 3982 mitior
1108 3926 1140 3981 et
1166 3919 1266 3997 magis
1297 3917 1454 3982 naturalis
1467 3924 1497 3980 et
1524 3927 1759 3998 consequenter

131 4015 270 4081 connotat,
287 4011 440 4088 gabellas,
460 4011 580 4073 tributa
605 4023 636 4076 et
665 4011 853 4094 hujusmodi
884 4030 923 4077 ex
973 4017 1101 4080 melior.
1139 4018 1328 4080 Contractus
1356 4027 1459 4080 tamen
1491 4018 1604 4080 tacitus
1629 4019 1677 4080 ael
1700 4035 1758 4080 ex-

132 4115 201 4170 toto
226 4109 276 4171 vel
295 4128 334 4171 ex
351 4119 438 4188 parte
453 4111 574 4191 injuste
586 4127 657 4174 esse
670 4112 831 4190 imposita,
848 4122 924 4177 tuno
974 4135 1106 4196 pressus
1128 4117 1345 4180 nihilominus
1361 4118 1499 4188 exsistit,
1530 4125 1681 4196 tantoque
1711 4125 1761 4182 est

133 4216 242 4288 potest
267 4210 343 4289 quis
371 4227 419 4285 ca,
436 4211 485 4273 vel
513 4227 552 4273 ex
579 4217 658 4282 tuto,
683 4211 732 4274 ael
763 4228 802 4275 ex
836 4221 924 4293 perte
972 4218 1093 4285 firmior
1122 4224 1153 4282 et
1185 4218 1286 4299 magis
1317 4218 1541 4298 obligatorias,
1568 4227 1689 4299 quanto
1719 4219 1762 4281 sit

131 4312 375 4394 subterfugere,
396 4321 427 4376 et
443 4313 645 4376 defraudare.
665 4313 734 4376 imo
747 4321 852 4394 potest
869 4317 923 4380 in·
973 4315 1120 4396 longiora
1136 4335 1199 4380 usu
1218 4324 1249 4382 et
1262 4324 1373 4382 mutua
1392 4318 1532 4382 nationis
1547 4324 1578 4380 et
1595 4318 1762 4396 potestatis

131 4431 233 4494 super·
248 4415 373 4478 occulta
398 4415 657 4494 cotuatensatione
672 4415 731 4489 uti,
747 4433 837 4490 casu,
854 4435 920 4498 qno
974 4415 1181 4496 possessione
1194 4416 1351 4480 sancitus.
1367 4419 1404 4478 Et
1428 4417 1493 4480 haee
1515 4424 1564 4477 est
1578 4417 1763 4480 traditiona-

131 4515 165 4577 in
190 4513 426 4587 foroexterno,
456 4517 500 4576 uti
524 4515 687 4578 ordinarie
713 4517 757 4588 fit,
783 4517 822 4579 ad
855 4517 922 4580 sol·
975 4517 1014 4580 lis
1039 4519 1101 4590 lex,
1120 4535 1192 4597 que
1220 4525 1269 4580 est
1300 4517 1404 4580 omanis
1421 4517 1570 4581 humanas
1598 4517 1761 4580 societatis

132 4613 277 4676 nendum
307 4623 478 4692 cogeretur
561 4615 607 4677 lta
635 4633 691 4694 pro
711 4623 924 4681 eertotenont
973 4615 1221 4680 fundamentum
1238 4615 1468 4678 necessarium.

131 4735 263 4780 omnes.
289 4719 324 4778 Et
339 4717 419 4779 ratio
448 4725 508 4792 est,
535 4719 611 4797 qnia
639 4717 820 4800 unicuique
849 4719 923 4800 jure
1013 4717 1177 4797 Contingit
1201 4724 1304 4778 tomen
1331 4721 1366 4778 ut
1390 4713 1649 4794 perturbationes
1665 4719 1695 4775 et
1713 4731 1764 4776 re·

132 4826 259 4880 naturae
285 4833 476 4879 concessum
497 4823 545 4880 est
559 4819 712 4880 damnum
739 4836 836 4882 snum
867 4821 922 4882 in·
974 4816 1173 4892 solutiones,
1186 4814 1334 4895 quamvis
1349 4814 1452 4895 ejure
1468 4814 1605 4878 naturali
1622 4822 1653 4877 et
1663 4812 1765 4877 cocle-

128 4917 258 4997 justum
273 4917 441 4996 impedire,
459 4917 506 4980 vel
519 4917 686 4992 resarcire,
705 4927 866 5000 quatenns
881 4919 923 4982 li·
973 4919 1102 4982 siastico
1135 4918 1323 4995 reprobatas,
1345 4935 1402 4996 per
1429 4915 1616 4980 violentiam
1648 4926 1762 4995 cogant

133 5017 276 5081 citefieri
294 5017 497 5098 potest,ineo
511 5027 618 5081 autem
634 5036 709 5082 casu
724 5019 924 5083 exactionem
973 5017 1249 5095 nationesseoius
1263 5033 1378 5080 novam
1390 5015 1541 5094 guberuii
1557 5013 1764 5078 constitutio-

134 5119 335 5198 gaballarum
352 5117 559 5201 injustarum,
579 5137 638 5183 sen
650 5136 922 5202 quorumcunque
974 5135 1048 5182 nem
1064 5117 1186 5191 subire,
1204 5125 1270 5191 aut,
1289 5116 1377 5196 qnod
1394 5116 1497 5178 rarius
1514 5113 1683 5188 euenit,ad
1698 5113 1763 5176 sibi

132 5221 330 5304 injustorum
346 5221 539 5286 tributorum
555 5222 674 5286 subditi
692 5225 858 5302 patiuntur
874 5223 926 5286 da·
973 5219 1110 5282 dandam
1125 5217 1266 5298 aliquam
1285 5213 1449 5296 potestatis
1463 5215 1612 5278 formam.
1632 5213 1761 5276 Exami-

135 5323 429 5402 mnumiojustum,
444 5324 603 5404 quodalia
627 5323 750 5386 ratione
767 5323 924 5404 irnpedire
974 5321 1089 5384 nunde
1116 5327 1194 5382 sunt
1225 5319 1326 5398 igitur
1354 5319 1492 5382 diversas
1515 5314 1761 5399 gubernationis

134 5411 199 5486 nnn
219 5425 427 5500 riossnntnisi
440 5422 922 5504 subterfugiendosolutionem,
973 5421 1084 5485 formas
1100 5437 1172 5484 oum
1184 5419 1265 5501 justi
1282 5425 1313 5482 et
1331 5419 1397 5482 veri
1415 5419 1551 5484 lumine.

135 5525 218 5588 salsi
223 5525 291 5606 jam
305 5524 431 5588 solvere
441 5525 634 5599 coactisunt,
644 5523 768 5586 occulte
777 5536 925 5602 compen·
1013 5522 1256 5584 insectandum
1279 5526 1328 5582 est
1342 5521 1535 5585 mutationes
1551 5517 1763 5600 grabernatio·

133 5631 247 5702 sando,
276 5626 455 5690 dummodo
476 5631 646 5688 serventur
658 5621 862 5685 conditiones
872 5621 925 5699 ju·
974 5621 1026 5684 uis
1040 5621 1151 5683 formae
1170 5619 1360 5703 regular-iter
1376 5637 1448 5682 esse
1467 5620 1654 5684 nationibus
1672 5619 1764 5684 mul--

133 5737 189 5792 stae
199 5727 514 5808 compensationis...
528 5749 541 5782 a
553 5723 611 5806 (ln.
625 5723 703 5786 idid.
721 5741 750 5784 o.
762 5721 826 5806 28.)
843 5723 924 5787 l'ide
975 5727 1042 5782 tum
1053 5705 1210 5793 ‘nocivase
1234 5720 1272 5782 ad
1289 5719 1350 5802 hoc
1365 5719 1438 5783 facit
1453 5722 1544 5801 qnod
1556 5722 1648 5785 docet
1663 5721 1765 5785 divus

133 5845 206 5908 riute
222 5828 289 5891 sint
315 5825 436 5908 injusta
466 5825 584 5888 tributa
606 5841 645 5887 ex
661 5823 754 5886 dictis
775 5821 923 5902 saprade
976 5821 1114 5885 Thomas
1130 5824 1202 5898 to,
1220 5831 1335 5900 ualeat.
1348 5823 1399 5896 o't,
1418 5831 1476 5886 art.
1500 5827 1526 5885 l.
1548 5823 1691 5888 alitrxrm
1710 5823 1761 5888 les
