4044 6458
265 317 321 383 ras
757 320 870 382 ruars
885 314 1066 380 munaum
1083 315 1350 383 corraeorum.
1840 318 1896 379 rar

267 432 386 498 ationis
410 449 468 498 seu
495 431 662 507 territorii,
686 440 752 496 tum
774 433 953 512 requiritur
977 447 1053 492 eon·
1107 433 1164 512 qui
1185 431 1310 496 scilicet
1327 431 1398 512 ipso
1415 428 1497 494 laeto
1515 429 1562 504 ill,
1589 429 1690 494 reluat
1706 429 1896 494 liliacoete-

267 532 526 613 seususjudicis
552 532 644 595 illius
669 533 1053 610 territorii.»(l’raarao.
1106 533 1270 605 statione,
1310 533 1358 595 eol
1400 531 1604 610 oppositione
1632 531 1769 610 alicujus
1800 547 1895 596 exce·
2002 575 2003 578 ,

268 637 303 698 in
318 637 367 700 tit,
383 653 419 706 u,
436 635 492 698 lib.
515 653 539 696 ιι
554 634 710 698 Decretal.
728 653 759 698 ιι,
781 636 864 715 182.)
1107 630 1227 710 pulionis
1253 631 1409 694 dilatoriae
1429 640 1504 696 ente
1530 630 1619 692 illem
1646 637 1894 696 conleslelem...

308 736 340 797 3.
361 734 508 810 Quanam
544 737 752 814 requirantur
787 733 983 796 conditiones
1018 739 1055 792 ut
1106 727 1472 792 Nontsmencensetur
1494 727 1894 808 aliquisinjudicemoou
2002 731 2003 734 ’

270 832 459 911 proraqutio
487 831 601 894 vatact.
626 867 665 878 -
692 834 721 894 1⁰
747 853 763 890 a
794 831 984 910 Requiritur
1020 834 1057 892 ut
1108 843 1204 888 suum
1222 827 1418 902 consentire,
1435 829 1580 906 adeoque
1603 833 1709 906 neque
1726 844 1896 906 prorogare

270 931 300 992 is
329 931 382 994 cui
412 939 516 1010 partes
539 930 701 1011 litigantes
733 931 970 1012 sesubjiciunt
999 929 1059 991 be·
1111 925 1513 1006 ejusjerisdictionem,si
1540 927 1768 989 aolumcorem
1785 943 1824 988 eo
1850 929 1896 990 ai-

270 1030 341 1094 beet
372 1031 632 1111 jurisdictionem
671 1031 825 1112 aliquam.
861 1033 937 1094 Nam
974 1029 1058 1092 ulio-
1110 1034 1197 1090 tante
1226 1035 1421 1107 compareat,
1443 1028 1491 1090 rel
1519 1029 1615 1090 etiem
1643 1029 1768 1108 copiam
1799 1028 1896 1091 libelli
2002 1075 2003 1078 ,

270 1132 349 1210 quin
366 1142 468 1210 partes
484 1148 547 1193 non
565 1140 627 1193 tam
647 1140 784 1193 veterem
799 1127 1056 1210 jurisdictionem
1109 1125 1160 1187 sui
1178 1121 1229 1188 edi
1241 1132 1335 1202 petar,
1350 1126 1399 1188 rel
1413 1127 1465 1190 det
1478 1125 1724 1190 satisfactionem
1734 1128 1899 1192 desisten-

273 1241 479 1310 prorogarem
495 1248 553 1293 seu
579 1232 801 1304 extenderent,
832 1243 1059 1310 quamebrem
1111 1227 1151 1288 do
1183 1243 1219 1290 se
1245 1227 1371 1305 jndicio
1404 1247 1412 1289 r
1450 1228 1597 1308 quinimo
1629 1229 1745 1291 citatus
1773 1235 1898 1290 tenetur

271 1329 506 1394 conferrent...
532 1331 609 1392 Cum
626 1344 797 1410 prorogare
814 1327 895 1392 nibil
911 1327 1000 1390 eliud
1017 1326 1060 1388 sit
1111 1341 1294 1403 comparere
1316 1341 1422 1388 aorem
1446 1325 1582 1406 judice,
1611 1333 1647 1390 ut
1674 1327 1896 1406 exceptionem

271 1447 368 1510 quam
396 1430 597 1504 extendere,
621 1436 859 1510 consequenter
887 1426 944 1489 ubi
972 1426 1061 1490 nulla
1112 1425 1172 1488 lori
1204 1425 1441 1489 declinatorium
1461 1433 1615 1507 opponat,
1643 1427 1706 1490 nisi
1733 1428 1896 1492 notorium
2002 1405 2003 1472 3

273 1538 322 1593 est
334 1529 533 1611 jurisdictio,
549 1545 586 1592 ee
604 1529 733 1592 extendi
749 1544 814 1592 uon
831 1533 946 1606 potest.
965 1548 981 1584 a
1112 1525 1153 1586 sit
1168 1525 1310 1604 judicem
1329 1543 1404 1591 esse
1420 1527 1702 1605 incompetentem.

311 1631 342 1690 2·
365 1649 381 1688 e
403 1628 602 1706 Requiritur,
628 1634 661 1688 ut
680 1625 781 1706 Judex
808 1625 902 1704 cujus
924 1623 1061 1705 jurisdi·
1153 1647 1168 1682 s
1194 1625 1264 1688 Non
1289 1634 1396 1688 eutem
1422 1627 1462 1690 ad
1483 1627 1742 1706 prorogationem
1766 1627 1901 1707 jurisdi·

274 1729 337 1793 ctio
360 1741 548 1808 prorogetur
574 1724 955 1805 babeatjurlsdiotionem
974 1723 1062 1786 ordi·
1112 1723 1228 1788 ationis
1253 1725 1429 1805 requiritur
1453 1743 1633 1790 cousensus
1653 1727 1760 1808 ipsius
1777 1726 1897 1807 judicis

275 1827 409 1890 aleriam.
439 1828 516 1888 Nem
528 1823 713 1905 jurisdictio
725 1822 847 1902 judicis
864 1821 1002 1902 delegati
1021 1822 1061 1884 ad
1112 1823 1499 1904 ordinarii,cujuslorum
1518 1825 1753 1893 declinetur...
1785 1829 1896 1909 Neque
2002 1829 2003 1884 l

275 1933 390 1990 certem
416 1941 544 1989 causam
573 1939 636 1985 nou
666 1929 783 2002 potest,
803 1921 901 1984 etium
922 1921 1061 2000 partium
1113 1923 1208 1986 etiem
1235 1926 1454 1988 necessarium
1471 1931 1520 1989 est
1537 1933 1570 1988 ut
1587 1924 1691 2005 ipsius
1703 1926 1836 2006 jndicis,
1865 1929 1896 1990 ia
2002 1959 2003 1992 r

275 2043 449 2100 censensu,
467 2023 626 2102 prorogari
643 2039 703 2085 seu
722 2022 852 2086 extendi
867 2026 907 2086 de
925 2038 1063 2102 persone
1113 2040 1209 2103 quem
1230 2024 1263 2086 ilt
1282 2024 1476 2104 prorogatio.
1493 2041 1673 2088 consensus
1685 2026 1898 2101 interveniam

276 2127 314 2190 ed
329 2141 508 2206 personam,
520 2140 624 2204 ueque
639 2123 680 2186 de
696 2122 839 2185 ceuseed
853 2139 979 2185 causam
995 2137 1061 2184 uon
1114 2122 1209 2186 modo
1237 2123 1377 2203 patietur
1401 2129 1512 2204 postea
1528 2124 1615 2188 litem
1635 2131 1710 2190 aute
1738 2141 1776 2189 se
1792 2133 1900 2189 conte·

276 2238 470 2300 expressam.
488 2222 534 2298 (C.
551 2220 601 2294 tu,
619 2221 669 2283 tit.
699 2237 779 2294 xxx,
797 2219 852 2282 lib.
868 2218 1061 2300 averreret.)
1114 2221 1203 2284 stari.
2002 2209 2003 2218 ’

275 2319 429 2394 Quemvis
443 2318 629 2398 jurisdictio
651 2317 787 2398 delegati
804 2319 843 2380 ed
869 2318 1064 2382 uniuersite-
1154 2323 1196 2385 δ’.
1213 2344 1228 2379 e
1246 2323 1448 2402 Requiritur‚
1465 2323 1502 2386 ad
1525 2324 1801 2404 prorogationem,
1814 2328 1847 2387 ul
1864 2341 1897 2386 ea

278 2424 340 2479 tem
357 2433 525 2481 causarum
553 2416 719 2497 prorogari
748 2417 859 2496 possit,
885 2421 1062 2482 secundum
1115 2423 1168 2483 stet
1187 2422 1333 2500 legenon
1351 2425 1552 2501 probibente,
1580 2425 1635 2486 sed
1651 2423 1899 2504 permittente.»

280 2515 481 2594 probabilem
496 2515 708 2592 senteutiam,
723 2516 1064 2598 uumhaecJ'urisdictio
1116 2522 1274 2600 (Plantae,
1290 2521 1322 2585 in
1343 2523 1391 2587 til.
1407 2524 1439 2600 2,
1460 2522 1515 2586 lib.
1541 2523 1726 2589 chcretal.
1746 2539 1780 2588 n.
1800 2523 1858 2586 183
1871 2529 1899 2586 et

279 2616 450 2678 ordinaries
464 2616 694 2696 equiperetur.
706 2617 859 2691 Quemvis
874 2625 979 2681 autem
996 2635 1067 2697 pro·
1116 2624 1197 2705 seq.)

278 2712 404 2792 rogatio
432 2713 672 2793 jurisdictionis
704 2713 868 2794 delegate,
902 2717 996 2778 ctiam
1025 2733 1066 2778 ex
1155 2728 1187 2787 b·
1211 2725 1314 2786 Porro
1332 2725 1588 2806 proropatioarm
1613 2725 1666 2788 lca
1691 2723 1840 2805 proltr'ltet
1870 2723 1900 2784 t'tt

279 2808 420 2888 partium
436 2825 611 2884 consensu,
633 2811 738 2890 quoad
766 2812 986 2875 substantialia
1007 2813 1068 2893 (ri-
1115 2823 1263 2906 pluribus
1276 2843 1441 2887 „amarem
1464 2827 1632 2905 sparsam,
1648 2860 1687 2872 ..
1705 2829 1735 2886 ι·
1751 2826 1787 2886 ιῃ
1800 2826 1899 2887 carreis

280 2908 397 2972 delicet
420 2910 459 2973 de
482 2926 617 2989 persona
632 2911 671 2974 ad
694 2929 877 2992 personam,
905 2912 954 2976 rel
975 2913 1015 2976 de
1032 2930 1065 2976 re
1117 2924 1344 3004 appellationis
1373 2924 1441 2986 fieri
1463 2925 1576 3004 nequit
1605 2924 1811 3004 prorogeti03
1830 2924 1899 3004 quia

283 3010 325 3070 aa
343 3026 409 3071 rem
425 3007 519 3071 aliam
535 3013 819 3090 nonexpressuml.
832 3013 899 3076 fieri
917 3021 1066 3093 nequeat,
1116 3023 1158 3085 dc
1175 3029 1287 3085 nature
1314 3022 1539 3103 appellationis
1562 3029 1610 3085 est
1629 3030 1664 3084 at
1683 3022 1840 3102 gradatim
1865 3020 1899 3082 ab

281 3118 386 3188 potest
414 3117 520 3174 temen
546 3112 614 3176 lieri
639 3115 786 3176 extensio
800 3116 906 3194 quoad
922 3114 1068 3178 accideu-
1118 3121 1274 3186 inferiore
1301 3121 1462 3203 judicead
1481 3122 1585 3200 ipsius
1606 3123 1808 3202 superiorem
1841 3121 1898 3183 liet.

279 3207 367 3282 talia,
380 3207 532 3272 uidelicet
545 3208 586 3271 de
601 3215 744 3290 tempore
760 3210 798 3274 ed
814 3220 952 3291 tempus,
964 3210 1013 3274 rel
1028 3211 1067 3274 de
1119 3223 1335 3303 leomarum„
1346 3223 1547 3286 Scrreaazaa.
1564 3223 1595 3284 in
1612 3224 1659 3284 tit.
1677 3239 1713 3297 rr,
1735 3221 1792 3284 lib.
1808 3241 1831 3282 rr
1844 3221 1899 3282 oe-

281 3306 353 3371 loao
377 3309 416 3371 ed
440 3309 558 3387 locum,
575 3309 626 3374 rel
641 3310 681 3374 de
697 3311 821 3376 minore
835 3311 1010 3392 quantitate
1029 3309 1069 3373 ud
1119 3322 1227 3386 arctet.
1247 3340 1278 3387 ῃ,
1298 3323 1380 3403 lib.)
1396 3358 1434 3370 ..
1447 3325 1478 3385 2·
1494 3324 1605 3402 Neque
1619 3321 1652 3385 in
1671 3323 1778 3386 02„st
1797 3323 1900 3386 crime.

281 3407 450 3488 majorem.
1118 3423 1261 3496 natibus,
1280 3424 1410 3506 quando
1433 3423 1627 3502 proceditur,
1645 3438 1711 3486 nou
1737 3439 1796 3504 per
1822 3421 1898 3484 riam

319 3511 351 3570 3⁰
374 3531 389 3567 s
412 3510 603 3592 Requiritur
628 3524 661 3576 ut
683 3515 786 3596 judex
807 3513 1066 3596 hebeatjurisdi·
1120 3521 1345 3598 acremotionis,
1363 3522 1419 3586 sed
1436 3540 1475 3585 ex
1492 3537 1580 3584 mero
1596 3521 1700 3586 officio
1711 3521 1833 3602 judicis
1847 3539 1900 3582 scu

281 3606 421 3670 θῑῑθῦθῐῑῑ
454 3608 617 3685 Similem·
647 3630 706 3676 seu
743 3613 890 3692 ejttstlem
926 3613 1067 3692 generis,
1120 3640 1177 3698 pror
1205 3622 1461 3700 inquisitionem.
1488 3623 1647 3698 (hearne.
1663 3621 1695 3683 in
1713 3623 1762 3682 lit.
1778 3639 1814 3694 ιι,
1848 3620 1898 3682 lib.

280 3706 427 3787 adeoque
441 3707 653 3773 sufficientem
674 3713 712 3775 ad
727 3711 943 3794 cognitionem
959 3719 990 3774 et
1009 3711 1067 3774 de·
1119 3718 1314 3785 sinceraret.
1340 3739 1373 3783 n.
1392 3719 1476 3800 188.)
1513 3753 1544 3765 -
1558 3719 1589 3780 3·
1611 3719 1723 3799 Neque
1737 3721 1770 3780 in
1799 3719 1900 3780 causis

281 3805 660 3892 cisionechauseque
682 3814 763 3874 inter
790 3812 950 3893 litigantes
972 3813 1070 3876 uerti·
1121 3835 1208 3900 papae
1251 3817 1455 3890 reservatis,
1496 3823 1551 3880 aut
1587 3833 1604 3880 a
1639 3833 1717 3894 papa
1752 3813 1898 3876 avocatis.

281 3914 357 3972 tur:
376 3918 422 3980 ut,
441 3910 471 3971 si
487 3927 583 3974 ceusu
598 3912 641 3973 sit
655 3912 847 3990 spiritualis,
863 3913 1066 3994 jurisdictio·
1121 3921 1334 4000 (Sasernae.
1361 3917 1421 3982 loc.
1448 3915 1514 3998 cit.)
1531 3950 1570 3962 -
1592 3916 1624 3977 la·
1642 3915 1754 3994 Neque
1770 3914 1805 3975 ia
1835 3910 1900 3974 loro
2002 3943 2003 3968 r

281 4009 482 4074 uemhabeut
505 4011 723 4090 spiritualem;
741 4013 769 4074 si
797 4013 986 4091 criminalis,
1003 4031 1068 4078 raon
1122 4019 1341 4082 sacramentali
1374 4017 1576 4097 peanitentiae.
1605 4047 1644 4062 -—
1679 4014 1709 4076 5·
1741 4015 1777 4076 ln
1800 4012 1899 4076 causis

281 4107 386 4172 solum
405 4111 507 4188 possit
523 4127 717 4192 cognoscere
732 4115 772 4178 de
787 4113 894 4176 causis
904 4115 1067 4191 ciuilibus,
1122 4118 1275 4180 laicorum
1295 4115 1524 4196 temporalibus
1537 4121 1568 4178 et
1581 4113 1619 4176 ed
1630 4111 1734 4176 lorum
1752 4111 1898 4174 seculare

282 4211 338 4270 sed
354 4208 449 4272 etiem
464 4209 504 4272 du
519 4211 627 4275 causis
649 4211 873 4275 criminalibus
894 4212 1070 4276 criminali·
1121 4214 1368 4296 pcrtinentibus,
1386 4220 1521 4293 possunt
1536 4230 1575 4275 ex
1587 4213 1659 4291 jure
1674 4213 1820 4274 Romano
1832 4210 1896 4273 laici

282 4316 330 4372 ter
344 4309 523 4386 intentatis,
541 4311 719 4392 habeatque
732 4321 921 4393 potestatem
934 4315 1069 4378 criruiue
1122 4321 1358 4393 competentem
1380 4313 1514 4376 reddere
1530 4310 1674 4391 judicem
1693 4325 1761 4372 uon
1786 4325 1898 4382 suom3

281 4409 491 4472 coercendi...
515 4412 688 4474 Porroetsi
705 4412 891 4492 hujusmodi
912 4430 1066 4495 proroga·
1121 4414 1263 4494 exceptis
1292 4421 1398 4476 tamen
1418 4411 1514 4476 cerlis
1545 4427 1712 4474 causarum
1734 4409 1898 4488 speciebus

282 4508 327 4570 tio
340 4507 625 4588 jurisdictionisin
641 4528 737 4575 cause
749 4511 907 4576 criminali
924 4513 1001 4576 lacta
1016 4533 1070 4578 ra·
1123 4513 1156 4574 in
1176 4514 1287 4577 eodem
1307 4511 1381 4592 jure
1400 4509 1604 4574 Justiaieneo
1632 4509 1810 4589 expressis.
1840 4507 1898 4568 llo·

281 4607 345 4672 leet
371 4610 401 4672 io
428 4611 651 4690 prejudicium
678 4614 817 4693 partium
840 4632 913 4693 quae
935 4617 968 4677 in
998 4632 1068 4678 eam
1123 4613 1242 4678 diernre
1272 4629 1347 4676 reru
1376 4611 1546 4674 multarum
1568 4607 1715 4688 gentium
1738 4606 1899 4670 seaculares

282 4720 527 4791 consenserunt¹
557 4727 620 4773 non
646 4721 751 4774 tamen
769 4731 825 4793 por
849 4714 909 4777 hoc
933 4715 1069 4779 infertur
1122 4718 1208 4794 leges
1229 4714 1473 4793 dispositionem
1500 4712 1593 4789 illaml
1615 4710 1838 4772 immutarunt.
1865 4739 1898 4752 -

282 4807 505 4886 prejudicium
539 4810 705 4874 ordinario
731 4799 836 4890 J'ud'ici
862 4817 1068 4894 competenti,
1119 4819 1162 4878 o·.
1182 4816 1218 4878 lu
1250 4813 1356 4878 causis
1379 4809 1663 4876 sacramentalibus
1680 4825 1745 4870 non
1769 4810 1899 4887 possunt

282 4909 461 4986 quominus
491 4909 519 4970 is
547 4910 586 4972 de
610 4911 783 4974 commisso
803 4914 937 4978 crimine
958 4916 1070 4996 iuqui-
1122 4915 1206 4989 leici‚
1222 4915 1345 4994 absque
1364 4912 1485 4990 proprii
1503 4910 1645 4989 episcopi
1662 4925 1837 4980 consensu,
1849 4907 1897 4984 je·

220 5085 229 5096 ι
281 5021 354 5070 rere
379 5013 620 5086 elanguescere
644 5009 793 5088 illudque
820 5014 935 5091 puuire
954 5015 1067 5093 possit,
1121 5015 1223 5078 dicem
1244 5030 1307 5076 non
1323 5027 1419 5074 suum
1433 5010 1533 5083 adire,
1546 5017 1578 5073 et
1593 5011 1829 5086 competentem
1841 5003 1900 5068 effi·

281 5105 321 5168 ad
347 5107 586 5172 resarciendum
609 5111 664 5190 jus
700 5113 887 5194 reipublice
914 5116 1068 5192 elienser
1121 5135 1204 5181 cere.
1221 5113 1400 5195 (Unanimis
1423 5111 1604 5184 doctorum,
1620 5126 1660 5172 ex
1681 5127 1711 5172 c.
1736 5107 1853 5171 Nattae
1872 5107 1899 5175 3,

281 5205 358 5286 quie
373 5207 535 5272 voluntate
548 5208 744 5288 privatorum
762 5231 822 5276 seu
840 5216 978 5294 partium
1003 5233 1068 5280 non
1120 5217 1169 5279 tit.
1185 5234 1267 5291 xxx,
1300 5213 1355 5278 llb.
1385 5230 1421 5274 ru
1441 5211 1593 5274 Decretal.
1612 5210 1656 5272 ibi
1676 5229 1685 5271 :
1704 5206 1822 5270 Nullus
1843 5205 1901 5283 cpi·

282 5312 387 5384 petest
407 5309 606 5390 praejudicari
621 5312 686 5393 iuri
706 5314 848 5393 publico.
1120 5335 1234 5398 scopas
1260 5316 1391 5378 alterius
1404 5313 1631 5395 parochianum
1649 5307 1799 5392 judicare
1826 5323 1902 5387 pra·

323 5405 354 5467 ι’
377 5429 393 5465 r
418 5410 606 5489 liequr'ritur
627 5421 660 5476 ut
679 5422 781 5492 partes
799 5413 905 5477 alieuo
915 5414 1016 5494 judici
1034 5433 1069 5481 se
1120 5424 1233 5478 ramat.
1257 5413 1335 5478 llam
1349 5414 1405 5494 qui
1435 5429 1502 5472 eum
1516 5411 1665 5472 ordinere
1684 5425 1750 5470 non
1765 5408 1899 5487 potuit,

282 5507 422 5570 scienter
438 5516 468 5570 et
482 5509 582 5573 libera
605 5514 769 5576 rolrrntate
786 5513 997 5592 subjiciant...
1013 5515 1071 5578 Se·
1120 5513 1330 5596 prejudicare
1343 5521 1455 5592 potest.
1470 5543 1509 5558 -
1522 5513 1554 5571 'l‘
1569 5511 1668 5570 Etiam
1688 5525 1729 5570 ex
1747 5507 1821 5570 eod.
1837 5521 1900 5582 cap.

282 5625 340 5670 cus
355 5607 482 5672 inutilis
510 5619 558 5676 est
582 5613 775 5692 prorogatio,
804 5632 864 5678 nee
880 5615 963 5680 ualet
982 5617 1068 5696 quod
1123 5615 1156 5679 in
1173 5613 1280 5677 causis
1303 5611 1527 5676 ecclesiasticis
1551 5608 1703 5670 laicorum
1719 5620 1785 5669 uon
1799 5617 1899 5667 sacre·

282 5715 425 5792 agitur...
449 5717 636 5785 cousensus
658 5725 760 5782 lemen
787 5720 899 5785 tacitus
928 5719 1045 5784 suffieit
1058 5742 1068 5798 ς
1124 5713 1339 5790 mentalibus,
1359 5717 1466 5776 corrtra
1488 5725 1606 5788 paucos
1623 5713 1746 5770 ueteres
1775 5699 1900 5768 ceuoul·
