4098 6448
116 429 191 498 rote
244 421 469 514 rursusne
483 423 669 500 nuurnns,
686 423 940 490 censentem
954 426 1218 492 rmum-mn
1234 429 1314 492 xvr.
1334 429 1385 492 nu
1403 429 1602 522 musonis.
1658 413 1740 501 riso

116 549 258 602 censure
279 539 422 610 utentur,
438 533 502 598 uisi
531 532 662 615 quaudo
681 532 747 613 jem
773 531 902 602 nulium
953 534 1063 612 inice
1088 538 1212 603 crateris
1227 537 1379 601 fidelibus
1389 538 1461 618 ejus
1475 541 1614 605 consciis
1629 541 1737 622 privas

117 638 209 702 aliud
225 635 406 702 remedium
423 641 584 715 superest.
951 636 1009 699 tim
1025 643 1147 702 tantum
1164 639 1285 703 vitandi
1305 648 1425 704 essent.
1446 641 1493 724 (c.
1515 639 1593 705 Cum
1611 661 1676 706 nnc
1697 647 1736 710 oi

158 736 200 798 li.
230 732 522 798 excommunicatio
548 731 612 796 alia
639 739 689 796 cst
713 731 813 812 juste,
838 731 901 797 alia
951 734 1074 802 tramine
1099 737 1149 813 rt,
1172 738 1218 800 Iis
1233 747 1365 804 reorent.
1381 743 1545 822 excomm.)
1560 745 1670 808 Postea
1686 753 1734 808 ta-

117 835 251 918 injuria.
264 837 407 899 -Justc
429 841 492 910 ast,
512 851 584 915 qnae
600 832 741 896 iniertur
760 849 778 896 a
797 831 903 912 legiti·
952 849 1025 900 men
1039 837 1079 899 ad
1094 836 1292 904 excludenda
1309 840 1393 902 suria
1408 839 1556 903 scandale
1570 849 1602 904 et
1621 859 1732 922 pecca·

119 953 175 1000 mo
193 935 317 1016 jndice,
345 941 476 1014 propter
498 938 662 1012 peccatum
678 929 899 1002 contumerias.
950 937 994 1005 ta,
1017 933 1051 996 in
1079 951 1169 999 conc.
1199 937 1545 1002 constantinorum
1571 941 1610 1012 v,
1627 942 1734 1007 Conci.

117 1044 151 1100 et
166 1043 292 1100 serrato
302 1034 386 1115 juris
402 1033 526 1098 ordine.
555 1067 593 1080 -
608 1034 736 1115 injusto
761 1039 823 1108 est,
845 1031 900 1097 cui
950 1040 1072 1097 εειεαυ.
1095 1035 1193 1116 incip.
1211 1035 1261 1100 Ali
1282 1035 1437 1113 evitanda,
1469 1039 1737 1108 Christiiidelibus

118 1135 245 1218 aliquid
255 1136 370 1200 horum
381 1134 498 1200 deficit.
514 1165 553 1182 -·
567 1134 690 1215 injuste
703 1151 832 1199 rursum
843 1133 902 1200 du·
949 1128 1113 1194 indultum
1137 1131 1209 1208 fuit,
1225 1145 1260 1197 ut
1278 1151 1373 1196 nemo
1387 1135 1541 1215 deinceps
1555 1153 1572 1198 a
1590 1153 1737 1202 commu-

106 1237 193 1318 'piex
209 1244 268 1312 est,
284 1237 428 1316 quedam
442 1232 559 1310 noddo,
575 1234 719 1316 quedam
747 1234 898 1310 invalido,
950 1229 1050 1294 nioue
1073 1231 1222 1310 alicuius,
1249 1249 1443 1312 quacunque
1472 1252 1619 1312 censura,
1635 1237 1738 1301 sirau

115 1352 152 1400 ac
167 1335 268 1399 nnita.
285 1369 324 1382 -
339 1336 457 1411 iulide,
468 1336 616 1417 quamuis
632 1336 764 1417 injusta,
776 1351 902 1400 excom·
946 1329 1033 1410 J'ure,
1049 1329 1119 1395 sire
1141 1328 1182 1392 ab
1205 1329 1336 1393 homine
1357 1331 1430 1408 lata,
1447 1332 1537 1414 iigeti
1562 1335 1736 1414 abstinere,

115 1434 366 1509 municarioesa
381 1436 569 1500 mirantum
585 1435 902 1500 d003101wum310n.
950 1430 1166 1511 eumdemque
1192 1428 1292 1492 vitare
1309 1438 1483 1508 teneretur,
1500 1435 1564 1497 nisi
1580 1435 1740 1502 sententie
1774 1505 1776 1510 ,

118 1534 162 1600 tin
177 1535 277 1600 debiti
305 1535 391 1613 finis,
409 1537 459 1600 rel
487 1538 632 1617 quodam
650 1537 836 1606 solemnitas
849 1553 902 1602 nc-
950 1537 1061 1591 ⁰⁰nltt
1073 1545 1256 1610 petionem·
1280 1537 1353 1606 01⁰„
1368 1541 1484 1596 tetltm
1503 1533 1645 1614 uindice
1660 1555 1737 1617 spe·

116 1636 900 1703 rideutrtisadruhsrunttamexcommunicationis
950 1629 1075 1694 cialiter
1100 1637 1131 1694 et
1145 1647 1300 1712 expresse
1310 1631 1472 1711 publicata
1486 1631 1597 1712 inerit,
1609 1634 1660 1699 rei
1673 1635 1739 1700 nisi

116 1753 182 1802 nou
198 1735 377 1817 pertinens.
401 1771 440 1782 —
454 1737 600 1801 Invalida
620 1755 697 1802 rern
711 1737 837 1802 nullum
855 1738 902 1803 ci·
950 1744 1027 1792 0¹¹OE
1050 1746 1109 1808 per
1134 1727 1323 1810 Stssl'ileiflm
1347 1729 1555 1811 l⁰l⁰⁰¹l⁰¹10¹11
1583 1749 1739 1798 manuum

115 1832 236 1898 lectum
258 1831 365 1907 habet,
388 1848 449 1896 nco
473 1832 605 1914 obligat,
633 1831 699 1896 nisi
725 1831 901 1913 aliquando
950 1828 985 1891 iu
1015 1829 1168 1894 clericum
1196 1829 1594 1896 excommunicationem
1616 1849 1740 1897 canone

116 1932 241 1998 ratione
273 1931 427 2006 scanduti,
447 1940 482 1995 nt
498 1930 692 2014 quiaiertur
712 1949 730 1996 a
754 1947 820 1996 nou
843 1931 900 1996 ha·
951 1927 1045 1994 iatam
1059 1929 1140 1992 edeo
1162 1929 1289 1993 notorie
1304 1927 1687 2007 iucurrisseconstitcrit,
1706 1939 1741 1995 ut

115 2032 213 2097 beuta
240 2036 441 2111 potestuteur,
461 2031 509 2096 rel
535 2041 644 2096 contra
668 2031 808 2113 alicujus
835 2031 902 2112 pri·
950 2026 1069 2094 iactum
1098 2043 1165 2094 non
1204 2029 1305 2109 possit
1332 2029 1441 2109 aliqua
1473 2029 1741 2110 tergiversatione

117 2131 286 2216 vilegium,
300 2131 348 2196 rel
363 2139 434 2212 post
449 2131 624 2214 legitimam
638 2131 900 2214 appeliationem,
951 2128 1060 2204 celari,
1078 2138 1133 2193 aut
1151 2127 1262 2210 aliquo
1278 2129 1434 2211 sutirugio
1452 2130 1612 2194 excusari.

117 2229 168 2292 rei
200 2232 330 2313 quando
362 2229 507 2314 conridet
533 2245 676 2294 errorem
710 2229 896 2296 intolerabi·
990 2230 1031 2292 n.
1048 2229 1379 2294 iioncensuraticum
1400 2231 1580 2294 censurntis
1596 2229 1739 2295 vitandis

118 2329 194 2394 lem.
952 2346 1018 2394 nnn
1033 2329 1233 2396 denuntiatis
1245 2330 1483 2394 communicare
1495 2347 1561 2394 non
1577 2337 1740 2406 tenentum
1759 2406 1761 2416 Ι

157 2427 322 2492 Dividitur
344 2424 379 2492 in
398 2428 801 2494 excommunicationem
826 2428 902 2509 jure
952 2425 1010 2490 sed
1035 2432 1182 2508 possunt,
1198 2427 1226 2492 si
1256 2425 1367 2501 velint,
1394 2428 1652 2494 ceommunione
1667 2433 1754 2492 cum-

118 2527 224 2603 tntam,
240 2529 290 2592 rei
304 2529 345 2592 ab
361 2527 504 2604 humine,
520 2533 555 2592 ut
570 2528 649 2592 satis
667 2528 788 2594 dictum
803 2535 852 2594 est
866 2528 902 2592 in
951 2525 1035 2606 ipsis
1044 2526 1281 2606 prirutim,imo
1289 2527 1604 2608 publice,casu,quo
1613 2543 1743 2592 excom-

115 2627 220 2708 capite
231 2629 405 2708 superiori.
953 2626 1126 2690 munientio
1142 2624 1271 2690 illorum
1301 2625 1430 2706 publice
1459 2629 1585 2692 notorie
1600 2627 1745 2704 estabe-

157 2729 211 2790 tv.
231 2751 246 2784 a
267 2727 483 2792 celeberrime
510 2726 629 2791 divisio
648 2727 904 2792 excommunicn·
952 2724 1057 2790 tinere
1084 2743 1093 2785 r
1116 2743 1152 2790 ec
1167 2725 1302 2805 proinde
1321 2731 1457 2806 possunt
1472 2743 1621 2793 recusare
1636 2727 1744 2806 impe·

115 2827 216 2890 tionis
232 2835 280 2890 est
306 2829 339 2892 in
364 2828 527 2908 mnjnrcm.
543 2834 574 2890 et
601 2826 772 2891 minorem.
797 2828 905 2910 Major
952 2826 1037 2889 rium
1059 2826 1179 2905 prelati
1214 2825 1509 2903 excommunicati,
1538 2826 1691 2892 recedere
1723 2843 1745 2892 e

116 2931 262 3004 esuque
275 2924 583 2988 excommunicatam
599 2924 700 3000 privet
714 2925 904 3008 simpliciter
954 2924 1051 2988 missa
1063 2925 1191 3006 parochi
1202 2925 1375 3000 censurati,
1392 2926 1540 3006 opposita
1552 2925 1756 3007 exceptione·
1802 2947 1807 2956 ·

114 3025 260 3088 omnium
277 3019 446 3100 bonorum,
459 3024 541 3088 inter
551 3025 661 3088 fideles
670 3026 902 3103 communium,
952 3024 1262 3105 declinarejudices,
1277 3025 1439 3104 repetiere
1455 3033 1607 3102 actorem,
1623 3043 1742 3106 pronu-

115 3123 371 3204 participatione.
386 3157 426 3168 -
440 3123 551 3186 Minor
565 3141 642 3187 vero
658 3131 780 3188 tuntum
800 3126 903 3205 privat
954 3133 1106 3202 retorem,
1134 3130 1248 3189 testem
1271 3124 1599 3198 excommunicatum,
1620 3127 1756 3205 ubsque?

114 3243 179 3288 usu
205 3231 474 3287 sacramentorum
496 3223 636 3302 passivo,
653 3224 685 3286 id
702 3231 761 3300 εει,
789 3241 902 3288 eorum
953 3223 1091 3286 istorum
1118 3223 1277 3305 injurie...
1299 3222 1383 3299 Quin
1400 3223 1510 3288 favore
1528 3223 1592 3286 sibi
1617 3221 1760 3288 indulto

114 3321 312 3402 receptione.
342 3323 389 3384 Ex
403 3339 470 3402 quo
495 3321 654 3402 sequitur,
672 3321 747 3401 quis
761 3321 804 3384 sit
824 3322 904 3385 etie-
952 3339 1048 3388 nemo
1062 3324 1244 3406 cogituruti
1260 3339 1325 3406 erg.
1342 3341 1410 3404 reg.
1430 3325 1536 3388 inuito
1555 3324 1607 3399 oe,
1623 3325 1657 3387 ii.
1675 3325 1761 3406 rege

113 3433 185 3486 ctus
214 3423 387 3504 utriusque
424 3421 787 3497 excommunicationis;
827 3438 901 3486 nam
952 3422 1402 3503 Qurdoopmtememnt.

113 3525 249 3588 riiccius
267 3523 408 3586 directus
436 3523 779 3586 excommunicationis
795 3524 900 3590 mino·
990 3523 1032 3586 tt.
1061 3523 1339 3588 Excommunirati
1363 3523 1488 3588 tolerati
1520 3539 1586 3588 non
1608 3527 1762 3601 possunt·-

114 3625 161 3686 ris
183 3632 233 3688 est
249 3624 377 3699 unicus,
392 3625 680 3703 scilicet2privatio
706 3625 831 3706 passiva
847 3642 899 3689 sn·
951 3623 1173 3688 communioni
1209 3623 1354 3688 iidciium
1381 3641 1418 3686 so
1458 3624 1545 3688 uitro
1571 3621 1747 3702 ingereret,

112 3734 364 3802 oramentorum;
383 3725 510 3804 majoris
535 3741 612 3788 vero
631 3725 900 3800 duodecimenu-
952 3724 1016 3788 nisi
1032 3739 1049 3788 a
1064 3723 1213 3788 fidelibus
1239 3739 1304 3787 non
1329 3723 1613 3788 excommunicatis
1630 3720 1765 3802 requi-·

113 3832 288 3900 merentur,
319 3825 376 3904 qui
407 3833 511 3887 tamen
541 3825 580 3888 ud
610 3833 747 3905 quietuor
782 3825 902 3890 classes
952 3825 1200 3904 rantursquiaa
1222 3821 1487 3888 laudetoconcil.
1507 3823 1670 3886 Constant.
1686 3819 1744 3882 di-

114 3925 230 3987 deduci
260 3930 405 4002 possunt.
424 3923 543 3998 Prima,
556 3924 720 3988 concernit
746 3925 900 4006 suffragiu
952 3931 1037 3990 recte
1050 3923 1263 3988 nuliusieror
1284 3921 1477 3996 censuistis,
1492 3920 1550 3984 sed
1565 3919 1638 3982 aliis
1658 3919 1766 3983 duna·

114 4022 271 4101 fidelium,
316 4031 588 4090 sacramentorum
624 4043 733 4100 usum,
763 4033 795 4088 et
821 4025 921 4089 clins·
951 4031 1035 4087 taxat
1045 4021 1193 4087 indultus
1208 4029 1269 4099 εει,
1287 4027 1382 4102 prout
1396 4027 1481 4100 patet
1491 4035 1532 4082 ex
1546 4017 1599 4084 cit.
1616 4024 1740 4082 extrav.
1760 4051 1764 4064 ·

111 4123 257 4188 actiones
280 4121 476 4204 spirituales.
502 4123 656 4197 Secundo,
676 4125 842 4202 beneficia,
869 4134 901 4190 ει
950 4123 997 4187 ibi
1013 4141 1021 4182 r
1038 4123 1101 4185 Per
1117 4123 1177 4186 itoc
1200 4117 1501 4203 tomrn'iujoeurodi
1525 4119 1739 4181 excommuni-

112 4225 218 4289 officie
232 4225 460 4302 ecclesiastice,
485 4227 606 4305 quitrus
633 4227 749 4308 privat.
780 4229 900 4306 Tertia,
945 4231 1049 4298 'caton
1064 4217 1275 4285 nonintcndit
1287 4220 1322 4283 iri
1335 4219 1443 4300 atiquo
1459 4216 1609 4292 reiecero,
1624 4233 1680 4280 osc
1695 4216 1744 4282 rie

111 4323 217 4388 officia
249 4321 369 4388 ciritia.
402 4327 545 4402 Quarto,
576 4324 900 4392 communicationem
950 4319 1181 4403 quomodolibet
1196 4321 1383 4402 euffiopori.
1761 4339 1765 4346 ·

112 4423 276 4506 ll⁰ll¹i⁰¹¹m
291 4439 365 4485 ΝΠ]
379 4421 666 4487 θῐθθωῐῃῦὓῑθθῑθ·
683 4444 700 4484 ¹·
951 4442 967 4517 i
986 4440 1188 4509 ill-Quibus
1216 4441 1299 4498 rebus
1310 4440 1411 4497 divinis
1421 4447 1450 4497 et
1464 4438 1549 4496 sacris
1578 4453 1747 4497 exeommu-

151 4525 190 4588 V.
206 4522 377 4584 Anathemn
395 4521 666 4600 maledictionem,
681 4539 740 4586 seu
750 4539 899 4590 exsecra·
1091 4513 1214 4568 ”lilium
1231 4511 1322 4582 privet
1335 4509 1596 4568 0¹⁰⁰¹¹¹⁰¹¹¹¹¹l⁰²¹l⁰·

112 4624 234 4684 tionem
255 4619 471 4714 significatio
486 4637 549 4685 usu
564 4621 717 4686 Ecclesim
734 4621 896 4704 signitica-
988 4623 1016 4686 i.
1043 4621 1149 4686 Prirat
1165 4621 1379 4686 communitur
1393 4620 1546 4684 Ecclesia
1560 4619 1744 4702 raffrapiir,

111 4721 232 4786 turhac
247 4738 325 4785 uoce
341 4720 632 4784 excommunicatio
654 4722 766 4802 major.
865 4767 871 4780 .
948 4737 1022 4802 que
1040 4736 1081 4785 ex
1097 4719 1236 4802 publicis
1260 4718 1377 4784 ciliciis
1392 4728 1424 4783 et
1441 4719 1606 4783 sacrificiis
1621 4735 1745 4799 prore·

152 4823 222 4886 t'ox
245 4821 522 4884 excommunicatio
539 4820 687 4885 absolute
718 4821 838 4901 prolata
861 4823 897 4888 in
950 4820 1058 4895 niunt,
1070 4817 1149 4884 item
1161 4817 1270 4884 iructu
1286 4817 1541 4883 satisfactionum
1557 4836 1614 4899 por
1632 4817 1748 4881 indui·

111 4923 184 5004 lege
208 4921 257 4984 rei
276 4937 411 5002 canona,
425 4920 464 4984 de
495 4921 608 5001 majori
622 4938 750 5002 semper
775 4923 898 4988 intelli·
949 4920 1097 5003 gentiani
1122 4927 1246 4984 constat
1264 4937 1304 4983 ex
1339 4918 1437 4982 uariis
1454 4918 1594 4982 textibus
1615 4917 1745 4992 relatis,

109 5023 215 5102 genda
233 5027 293 5100 est,
314 5029 348 5085 ut
363 5021 510 5084 decisum
538 5028 615 5086 estu
629 5023 785 5105 Gregorio
803 5025 847 5090 itt
863 5025 897 5092 in
949 5019 1106 5106 causali,
1125 5026 1239 5101 quest.
1254 5020 1293 5093 ὃς
1308 5017 1380 5082 nrt
1405 5017 1495 5081 nobis
1510 5019 1567 5092 ein
1587 5035 1617 5080 o.
1631 5019 1747 5080 Sacris
1769 5052 1772 5060 ·

109 5141 138 5186 c.
151 5124 297 5204 siquem,
313 5125 357 5186 Dc
370 5131 451 5188 rent.
467 5141 587 5187 euroni.
948 5119 999 5194 38,
1009 5118 1055 5181 Dc
1067 5127 1148 5182 sent.
1166 5137 1284 5182 excom.
1301 5121 1339 5184 et
1356 5116 1416 5180 hoc
1431 5117 1474 5180 ita
1489 5133 1601 5178 rerum
1627 5122 1676 5180 cst
1689 5123 1738 5191 ut,

948 5220 1023 5286 licet
1036 5220 1185 5284 minister
1196 5216 1350 5282 Ecclesia)
1360 5213 1664 5295 relitiudulgentias
1680 5216 1745 5278 lic-

950 5319 1059 5384 clesie
1079 5317 1239 5398 applicare
1264 5313 1563 5391 excommunicatis,
1591 5313 1745 5396 publicas

150 5413 265 5479 Liure
283 5414 416 5492 antiquo
431 5415 617 5496 quicunque
641 5417 897 5484 excommunice—
947 5419 1098 5484 Ecclesin
1115 5419 1278 5486 crationes
1308 5433 1366 5497 pro
1395 5417 1437 5480 iis
1467 5415 1614 5492 fundere,
1630 5413 1745 5478 misero

106 5513 199 5577 tionc
224 5513 336 5596 majori
354 5513 452 5594 ligati,
469 5521 558 5578 crunt
574 5515 712 5592 vitandi,
728 5532 767 5580 eo
790 5519 896 5582 sotum
947 5519 1138 5584 sacrificium
1157 5518 1287 5593 otiarre,
1316 5517 1497 5581 secuudum
1529 5513 1670 5578 retorem
1697 5511 1743 5577 als

105 5612 407 5694 discrimine,quod
424 5613 460 5685 ii,
478 5631 616 5696 quorum
637 5617 895 5684 excommnnica-
948 5617 1091 5684 Ecclesia
1119 5617 1383 5699 provenientem,
1406 5613 1578 5697 upplicniio
1609 5611 1737 5676 nuliius
1816 5679 1819 5688 ,

105 5709 297 5807 tiopubtica
324 5717 355 5775 et
370 5711 581 5788 notoriaernt,
600 5714 742 5796 publium
764 5716 787 5780 ii
806 5733 894 5794 uero,
948 5719 989 5783 sit
1006 5717 1164 5784 vetoris...
1179 5715 1253 5782 uixi
1268 5711 1656 5802 suffrnpiircommuniior
1668 5711 1732 5776 lie-

105 5824 249 5888 quorum
276 5811 564 5878 excommunicatio
588 5815 714 5894 publice
729 5824 803 5884 uota
826 5835 893 5884 uon
949 5817 1213 5899 ricimnuqurr
1227 5811 1739 5900 εειεειειιιιιιιιειιιίιιειιεειεειιιιΙ
1772 5863 1776 5870 ,
1840 5868 1849 5888 ,

109 5289 125 5364 ς
144 5287 177 5345 ΙΙ.
194 5315 231 5334 -
243 5288 360 5357 Quinam
384 5286 440 5345 sint
467 5261 697 5345 excommunicati
709 5285 824 5346 uitandi.
