4098 6448
292 565 367 614 nam
388 559 461 627 qun
487 547 681 622 praestantur
708 538 841 606 nomine
873 533 1081 618 singulorum

293 647 452 720 bdelium,
480 650 512 708 et
525 643 565 709 ab
579 643 661 724 ipsis
674 639 825 706 Ecclesim
846 637 1023 708 ministris,
1046 641 1082 698 ut

296 747 506 830 particulares
545 758 692 825 persone
729 747 825 813 sunt,
869 739 911 802 iis
940 734 1083 801 Ecclesia

294 845 589 912 exeommuutcnos
604 858 671 908 non
688 840 828 906 intendit
855 839 993 920 privare,
1007 851 1082 901 cum

294 942 447 1008 inciesisr
464 941 620 1006 bonenon
635 939 714 1014 sint,
729 955 790 1002 nec
802 936 948 1019 ejusdem
966 935 1083 1013 dispo·

293 1043 405 1114 sitioni
421 1042 619 1120 subjaceant.
634 1043 674 1103 iit
690 1038 766 1104 binc
781 1054 839 1119 pro
862 1035 1084 1101 excommuni-

293 1145 386 1218 catis,
408 1143 505 1208 etiam
522 1140 736 1215 denuntiatis,
752 1154 926 1220 possumus
951 1134 1083 1218 proprio

294 1244 440 1324 nomine,
469 1251 502 1308 et
521 1241 642 1322 prriratn
671 1239 850 1304 intentione
868 1254 973 1312 orare,
999 1235 1084 1299 bone

294 1363 393 1427 opera
420 1362 478 1426 pro
496 1345 577 1425 ipsis
592 1359 755 1417 exercere,
771 1347 802 1404 et
814 1337 961 1403 sacrificii
977 1345 1082 1402 ectum

294 1449 423 1513 olierre.
438 1447 484 1510 ita
502 1445 597 1510 multi
616 1443 702 1524 apud
716 1445 922 1508 Scnutczcn.
938 1440 984 1502 ilc
1001 1443 1081 1500 rent.

295 1565 466 1612 excomm.
484 1547 552 1611 tto.

334 1647 439 1712 Prirat
453 1648 619 1728 sepulture
632 1643 859 1712 ecclesiastico:
875 1659 941 1704 non
965 1638 1086 1702 denun-

295 1746 369 1812 tioti
381 1755 500 1823 tamen,¹
516 1745 545 1808 si
555 1742 886 1826 quidemdecedentes
900 1739 992 1820 signa
1007 1753 1084 1801 con·

295 1847 439 1912 tritionis
453 1845 612 1920 dederint,
622 1843 755 1925 sepeliri
770 1842 803 1904 in
817 1841 888 1906 ioco
904 1855 994 1903 sucro
1007 1853 1082 1918 pos-

296 1955 385 2022 sunt,
398 1947 546 2028 quamvis
571 1946 683 2008 deceat
701 1960 757 2006 eos
776 1942 869 2022 prins
891 1939 1017 2005 obsolri
1044 1935 1085 2000 ab

296 2045 650 2120 excommunicatione;
684 2043 867 2105 denuntiati
894 2057 990 2113 roro,
1024 2037 1084 2102 etsi

296 2145 487 2226 penitentes
507 2141 660 2220 obierint,
685 2144 849 2224 sepultura
858 2149 964 2204 tamen
979 2139 1084 2204 eccie-

295 2245 426 2310 siastira
451 2245 593 2326 gaudere
608 2260 673 2308 non
694 2251 842 2323 possunt,
856 2242 914 2306 sed
941 2255 1086 2303 necessa·

297 2346 358 2417 rio,
382 2351 554 2426 antequam
593 2344 627 2408 in
656 2343 727 2408 loco
754 2359 845 2407 sucro
872 2341 1082 2421 sepeliantur,

296 2445 420 2510 roseln
446 2445 577 2513 debent.
609 2445 657 2528 (G.
684 2445 793 2510 Socris
817 2445 866 2520 tn,
895 2443 942 2506 Dr
974 2441 1084 2524 sepni-

296 2548 377 2624 tur.)

336 2645 1083 2728 iii.Privatnsnporsioomcromcntornrn,qua·

296 2753 393 2811 tenus
418 2747 495 2810 duur
511 2746 545 2811 in
574 2746 906 2811 excommunicatione
929 2751 1023 2820 sunt,
1038 2761 1087 2808 sa·

296 2855 459 2912 eramenta
487 2847 570 2925 ipsis
584 2863 648 2911 nou
668 2845 742 2910 iicet
759 2847 916 2926 recipere.
934 2845 980 2928 (C.
1008 2845 1085 2910 Com

297 2947 427 3012 illorum
436 2945 487 3018 32,
501 2951 533 3009 et
554 2960 623 3026 cap.
647 2944 684 3008 Si
698 2944 848 3026 poenit,
868 2943 913 3004 ilc
930 2950 1011 3007 rent.
1029 2960 1086 3004 err·

298 3063 376 3108 corn.
418 3059 487 3122 cap.
525 3041 582 3106 bn.
614 3041 659 3104 De
686 3043 760 3106 cler.
796 3060 916 3108 esrom.
944 3041 1083 3105 ministr.

298 3142 464 3220 iincipitur
486 3141 664 3221 periculum
692 3142 821 3217 mortis,
855 3139 1083 3217 mutilationis,

298 3240 452 3316 iniamin,
467 3241 574 3320 gravis
587 3240 720 3320 jecturm
735 3243 908 3306 bonorum.
937 3241 969 3303 Si
996 3249 1085 3304 extra

298 3339 358 3406 hos
373 3355 468 3402 casus
476 3337 680 3402 necessitatis
694 3345 890 3402 sacramenta
901 3353 1086 3402 excommu-

299 3440 427 3502 nicatus
442 3437 567 3516 recipit,
596 3435 737 3514 graviter
760 3445 879 3518 peccat,
897 3445 1084 3500 nontamen

298 3555 340 3603 ex
353 3538 410 3601 tali
435 3537 553 3601 illicite·
576 3535 761 3617 receptione
787 3551 909 3616 prunam
936 3535 1084 3612 incurrit,

299 3645 434 3717 excepto
447 3642 648 3702 sacramento
666 3635 804 3711 ordinis,
827 3653 923 3718 quem
940 3638 997 3718 qui
1024 3654 1085 3700 ex·

297 3737 587 3804 communicatione
599 3736 717 3818 ligatus
743 3736 858 3816 recipit
883 3735 923 3800 eb
948 3753 1085 3800 exsecu-

299 3841 388 3905 tione
404 3837 531 3902 ordinis
549 3836 692 3918 suscepti
708 3832 942 3917 susirenditur3
967 3855 995 3901 c.
1011 3837 1087 3900 illo-

299 3957 371 4002 run
400 3939 455 4004 cit.
483 3971 523 3986 -
550 3938 693 4002 Ministri
720 3944 825 4001 temen
861 3937 1023 4014 Ecclesia,
1057 3939 1085 4001 si

301 4035 585 4102 excommunicatis
604 4034 743 4099 vitandis
755 4034 888 4114 aliquod
903 4051 1085 4098 sacramen·

302 4150 370 4202 tum
385 4137 580 4212 ministrent,
592 4131 994 4214 antequumabsolrnntur,
1012 4151 1088 4214 prce
1111 4159 1113 4164 v

302 4248 351 4302 ter
367 4248 530 4322 peccorum
554 4237 687 4300 mortale
712 4235 881 4298 incurrunt
905 4251 1089 4298 excommu-

304 4339 523 4410 nicationem,
553 4343 584 4399 et
619 4334 826 4399 interdictum
865 4332 905 4397 nb
936 4335 1086 4414 ingressu

302 4438 457 4503 ecclesie.
488 4435 534 4518 (C.
554 4437 785 4516 Episcopornm
810 4436 841 4509 8,
868 4435 913 4496 ile
937 4433 1086 4512 prioiicp.

300 4539 334 4603 in
350 4539 393 4622 6.)
411 4540 447 4601 iit
474 4536 620 4619 quidem,
636 4535 672 4598 'si
695 4552 712 4598 n
733 4535 881 4614 pontifice
896 4533 1087 4599 nominatim

302 4637 586 4715 excommunicati,
611 4643 642 4698 et
669 4635 850 4699 denuntiati
876 4633 1008 4709 inerint,
1037 4632 1087 4695 in·

302 4744 435 4802 currunt
448 4735 814 4800 excommunicationem
827 4741 1019 4796 reservatam
1034 4748 1089 4811 pa·

302 4857 361 4920 pm
380 4838 427 4915 (C.
445 4838 643 4919 Sipnifiencit
655 4838 703 4911 18,
721 4837 765 4898 ile
783 4843 916 4898 sentent.
936 4853 1085 4898 cnocmm.

301 4946 334 5004 et
362 4939 461 5003 clem.
489 4940 529 5012 3,
553 4937 647 5017 cod.)
675 4938 813 5001 Accedet
845 4937 1018 5017 suspensio
1047 4937 1088 5000 ab

301 5037 419 5110 cilicio,
435 5041 462 5098 sl
480 5035 776 5099 excommunicatus
793 5034 854 5098 luit
870 5033 911 5098 ob
926 5033 1086 5109 bmresinr,

302 5147 358 5205 aut
371 5141 449 5221 quin
463 5137 568 5202 iutrtor
585 5138 719 5201 istorum
742 5135 825 5212 init;
843 5153 901 5200 nec
917 5135 1089 5200 restituen-

301 5243 363 5304 dus
393 5248 442 5304 est
466 5237 571 5302 otnero
598 5237 720 5318 absque
748 5254 837 5318 piarum
869 5235 1087 5316 dispensatio·

302 5357 356 5403 ne.
373 5360 388 5395 r
410 5337 455 5420 (C.
470 5338 786 5400 Eccontnrnnicomns
803 5337 851 5412 iit,
868 5339 883 5413 1
907 5335 1086 5412 Credentes,

304 5435 478 5518 Deteret.)

344 5539 398 5604 lv.
423 5536 528 5602 Prirnt
551 5557 613 5600 nen
629 5538 723 5600 etiarn
749 5536 851 5600 cetico
875 5543 1086 5598 sacramento·

263 5703 267 5714 ,
301 5655 385 5714 rrrtn,
402 5653 462 5702 sen
486 5643 640 5719 potestate
669 5636 724 5699 illn
743 5635 944 5713 conierendi,
960 5643 991 5699 et
1006 5635 1091 5699 cele·
1126 5667 1128 5670 -

303 5739 416 5804 orandi
432 5739 575 5802 Missum.
592 5741 639 5818 (C.
652 5737 781 5800 Letorrs
796 5737 825 5811 ir,
853 5744 884 5800 et
909 5755 935 5800 c.
958 5739 1011 5800 lin.
1045 5737 1089 5822 De

304 5838 381 5906 cler.
403 5855 552 5903 cerotem.
580 5837 733 5919 ministr.)
762 5837 960 5904 Sacramenta
983 5843 1088 5903 temen

790 427 904 493 lunis
920 417 1100 488 cinontcl
1119 417 1381 485 silentumin

1134 529 1176 593 ab
1205 529 1481 596 excommunicato
1505 530 1742 611 administrata,
1762 539 1839 597 sunt
1866 556 1921 602 ra·
2036 511 2037 562 3

1136 631 1212 707 lide,
1239 641 1374 713 excepto
1402 639 1600 699 sacromemo
1624 635 1840 715 poenitentiam
1867 643 1924 705 sed
2036 639 2037 710 l

1851 419 1922 488 itit

1135 733 1493 798 excommunicatusita
1507 733 1709 812 ministrans,
1732 737 1766 802 nt
1794 739 1923 821 irregu·
2036 813 2037 822 ¹

1136 827 1226 896 laris.
1602 825 1612 840 '

1176 928 1214 994 l'.
1232 927 1370 994 «Priral
1383 930 1541 1011 sacrificio
1556 933 1670 1009 ntrroe,
1681 933 1724 998 ita
1739 941 1787 1011 nl,
1803 935 1868 999 nisi
1885 937 1927 1000 ob
2036 983 2037 1006 2

1136 1027 1364 1108 ignorantiam,
1385 1031 1436 1095 rel
1452 1033 1680 1099 necessitatem
1696 1037 1818 1100 rimndi
1830 1053 1926 1100 sean·
2036 1065 2037 1104 ι

1137 1125 1214 1201 daii,
1230 1134 1286 1191 aut
1306 1127 1448 1209 alicujus
1470 1131 1579 1210 greris
1603 1117 1713 1196 rinmni
1739 1125 1927 1211 excusetur,
2036 1123 2037 1196 J

1136 1233 1246 1305 peccet
1273 1229 1450 1292 mortaliter
1483 1233 1800 1311 excommunicatus,
1830 1237 1928 1300 etiam
2036 1247 2037 1312 4

1136 1325 1309 1403 toleratus,
1333 1329 1494 1395 resistens
1526 1333 1684 1398 sacrificio
1712 1337 1845 1410 missen,
1878 1339 1929 1400 rel
2036 1335 2037 1416 J

1137 1427 1273 1491 notnbiii
1299 1429 1372 1510 ejus
1388 1431 1521 1510 parti...
1550 1435 1688 1514 quodsi
1715 1433 1928 1500 denuntiatus
2036 1485 2037 1510 1

1137 1529 1233 1594 etiem
1249 1530 1302 1606 sit,
1328 1530 1377 1597 rel
1397 1532 1587 1597 manifestus
1606 1553 1777 1615 percussor
1804 1537 1927 1613 clerici,
2036 1555 2037 1576 ³

1137 1632 1321 1696 monendus
1348 1638 1409 1710 ost,
1430 1640 1466 1696 ut
1494 1641 1603 1710 exeat;
1623 1635 1755 1716 quodsi
1772 1637 1928 1714 noluerit,

1137 1731 1282 1796 incurret
1302 1749 1417 1799 noram
1431 1737 1799 1801 excommunicationem
1817 1741 1928 1802 Ponti·

1138 1833 1188 1896 boi
1201 1845 1408 1913 reservatum,
1424 1845 1455 1900 et
1467 1837 1681 1916 expellendus
1702 1846 1752 1902 est
1767 1839 1867 1902 etiarn
1884 1841 1928 1914 ri,
2036 1851 2037 1902 l

1137 1933 1164 1995 δί
1180 1951 1263 2013 ⁰i¹us
1280 1934 1390 1998 inerit.
1413 1937 1446 1999 Si
1462 1936 1640 2000 veronulla
1655 1939 1780 2001 ratione
1807 1939 1931 2020 expelii

1138 2032 1252 2112 possit,
1270 2034 1379 2098 misse
1393 2035 1600 2111 sacrificium,
1619 2036 1648 2099 si
1664 2053 1766 2101 ennon
1783 2039 1930 2102 nondum
2036 2045 2037 2048 ’

1137 2132 1619 2215 incoeperit,rbrumpenoum,
1648 2137 1698 2200 rei
1726 2140 1754 2200 si
1780 2136 1863 2202 iacta
1889 2139 1932 2201 sit
2036 2133 2037 2140 ’

1137 2235 1348 2313 consecratio,
1377 2231 1604 2318 subjungenda
1623 2237 1779 2318 sumptio,
1808 2246 1842 2302 el
1861 2248 1932 2302 tum

1137 2337 1356 2401 recedendum
1381 2339 1419 2403 ad
1434 2339 1613 2404 sacristiam
1640 2356 1706 2404 non
1733 2341 1831 2404 dietis
1855 2356 1930 2405 ora·

1137 2435 1283 2500 tionibus
1304 2437 1426 2513 solitis,
1445 2445 1477 2502 et
1491 2439 1577 2513 aliis,
1594 2457 1667 2522 qum
1683 2449 1756 2523 post
1772 2443 1933 2522 sumptio-

1137 2557 1213 2604 nem
1229 2538 1295 2603 dici
1317 2539 1435 2605 solent.
1453 2543 1546 2620 (tiis
1564 2543 1618 2604 cnr·
1632 2541 1684 2614 to,
1699 2543 1744 2605 ile
1767 2551 1849 2606 rent.
1875 2562 1933 2606 ex·

1138 2655 1245 2702 comm.
1265 2637 1340 2714 iud,
1358 2639 1516 2703 clement.
1530 2638 1659 2720 meod.)
1672 2641 1806 2716 Quodsi
1823 2651 1932 2704 autem
2036 2625 2037 2676 i

1137 2737 1288 2800 sacerdos
1327 2753 1432 2800 coram
1469 2739 1748 2803 excommunicato
1788 2741 1932 2804 scienter

1138 2835 1362 2915 celebrauerit,
1388 2835 1472 2901 ultra
1492 2845 1670 2918 peccatum,
1695 2847 1725 2900 et
1741 2855 1933 2904 excommu·
2036 2855 2037 2868 ³

1138 2935 1336 3002 nicetionem
1369 2937 1529 3001 minorem
1564 2937 1772 3001 interdicitur
1800 2938 1842 3001 nb
1877 2938 1930 3001 in·
2036 3007 2037 3016 ἶ

1138 3036 1421 3117 gressueceiesire.
1439 3037 1783 3120 (G.Episecpcrnm8,
1802 3039 1932 3120 Depri·
2036 3035 2037 3060 ¹

1139 3137 1231 3218 stirp.
1256 3137 1291 3202 in
1317 3138 1362 3218 6.)
1393 3138 1505 3203 Creteri
1531 3156 1608 3203 uero
1633 3139 1744 3203 iideies
1769 3147 1932 3220 coguntur

1139 3237 1304 3301 recedere.¹
1319 3239 1351 3301 si
1363 3247 1469 3301 temen
1486 3253 1550 3300 non
1567 3241 1730 3314 recedent,
1747 3239 1846 3319 culpa
1858 3239 1931 3314 ista,

1143 3335 1296 3412 utPaino,
1314 3343 1393 3416 port.
1413 3353 1457 3412 rx,
1482 3353 1515 3400 n.
1533 3337 1565 3412 3,
1582 3335 1756 3412 existimet,
1779 3337 1934 3417 probabi·
2036 3393 2037 3404 ,

1141 3436 1215 3499 liter
1227 3437 1387 3501 renielem
1398 3453 1463 3501 non
1479 3437 1647 3501 excedit.»

1179 3535 1233 3597 vl.
1257 3533 1452 3598 Prohibetur
1467 3535 1766 3600 excommunicatus
1778 3539 1931 3602 uitandus

1138 3635 1291 3698 assistere
1300 3632 1373 3696 citis
1393 3633 1511 3699 diuinis
1524 3636 1654 3717 emelim·
1665 3653 1682 3697 c
1695 3637 1814 3716 privata
1825 3647 1930 3705 nmen

1139 3737 1326 3802 recitatione
1350 3737 1514 3817 horarum,
1537 3739 1565 3801 si
1579 3737 1619 3802 ad
1634 3739 1668 3803 id
1683 3747 1842 3816 teneatur,
1864 3761 1929 3808 non

1140 3834 1305 3902 eximitur.

1180 3936 1249 3999 vlt.
1289 3935 1437 4001 Privatnr
1471 3939 1791 4015 excommunicatus,
1816 3941 1930 4010 saltem

1140 4039 1167 4103 si
1191 4038 1341 4102 vitandus
1369 4038 1423 4114 sit,
1450 4037 1599 4101 incuitnte
1613 4029 1850 4115 concionandi,
1885 4041 1933 4103 ie·

1140 4139 1238 4222 gendi
1258 4139 1292 4203 in
1310 4135 1484 4218 theologia,
1502 4137 1738 4219 interpretandi
1754 4139 1811 4221 jus
1829 4158 1931 4205 ceno·

1141 4241 1251 4304 nicnm
1265 4237 1404 4320 publice.

1179 4341 1266 4402 Viii.
1289 4338 1482 4403 Prohibetur
1502 4343 1799 4406 excommunicatus
1819 4343 1858 4405 at
1881 4345 1932 4407 in·

1139 4455 1250 4516 pressn
1279 4437 1397 4518 templi,
1419 4445 1562 4518 tempore
1586 4455 1651 4520 quo
1673 4440 1784 4504 divina
1808 4441 1930 4506 ibidem

1140 4537 1364 4614 celebriorum
1394 4546 1471 4602 tnnc
1490 4539 1576 4604 enirn
1593 4557 1648 4618 per
1661 4541 1813 4604 ostiarios
1836 4545 1931 4606 debat

1141 4635 1272 4716 expelii.
1296 4637 1379 4700 Aliis
1402 4643 1507 4701 temen
1527 4639 1726 4719 temporibus
1737 4641 1860 4720 optime
1875 4659 1932 4721 po·

1141 4741 1202 4798 test
1217 4733 1337 4797 ibidem
1352 4734 1516 4811 assistere,
1540 4741 1571 4798 et
1597 4737 1759 4814 privatim,
1783 4754 1821 4798 ac
1835 4755 1931 4816 sepa·

1142 4833 1276 4898 rutusnb
1287 4833 1518 4897 aliislidelibus
1531 4833 1769 4912 precesibidem
1783 4835 1930 4900 iundere.
2036 4899 2037 4912 2

1141 4934 1356 5015 (Scnnnnzcu.
1371 4932 1450 4996 ibici.
1465 4950 1497 4996 n.
1513 4934 1571 4996 111
1590 4933 1628 4995 nd
1646 4932 1729 5013 131.)
2036 5009 2037 5012 Ἴ

1182 5032 1265 5097 nub.
1283 5033 1312 5095 1.
1339 5031 1427 5106 »Arc
1452 5040 1482 5093 et
1495 5030 1647 5112 quomodo
1662 5033 1806 5094 ministri
1822 5032 1930 5094 Eccle-
2036 5045 2037 5056 ¹

1140 5137 1195 5198 rire
1214 5135 1338 5214 possint
1364 5134 1522 5195 orationes
1545 5131 1702 5211 publicos,
1725 5141 1755 5193 ct
1772 5133 1930 5211 sacrificiu

1140 5237 1311 5318 applicare,
1341 5242 1370 5296 et
1383 5233 1497 5316 offerre
1509 5249 1571 5312 pro
1588 5231 1879 5296 excommunicetis.
1893 5265 1930 5276 -
2036 5287 2037 5322 ἰ

1142 5337 1272 5400 Certum
1293 5342 1341 5397 est
1369 5333 1484 5396 illicite
1509 5348 1564 5395 eos
1581 5348 1688 5410 agere,
1721 5330 1835 5394 saltem
1853 5330 1928 5393 siin

1141 5435 1327 5518 particulari
1360 5433 1504 5514 publicas
1521 5449 1631 5512 preces
1656 5446 1714 5512 pru
1741 5447 1928 5496 excommu-

1142 5538 1247 5601 nlcnto
1269 5535 1416 5599 fundent.
1444 5533 1573 5614 (liuto,
1589 5532 1665 5596 dist.
1686 5533 1717 5606 1,
1740 5539 1822 5614 part.
1838 5551 1883 5610 rr,
1897 5549 1927 5596 n.

1142 5637 1186 5720 ir.)
1203 5637 1295 5700 italio
1311 5643 1358 5700 est
1372 5635 1447 5716 quic
1460 5633 1609 5708 iicclesia,
1631 5633 1760 5712 privans
1771 5633 1864 5714 ipsos
1881 5632 1929 5693 lris

1142 5733 1367 5814 spiritualibus
1385 5732 1490 5806 bonis,
1515 5737 1755 5810 consequenter
1780 5729 1929 5793 fidelibus

1144 5831 1307 5900 interdicit
1318 5849 1358 5898 nc
1369 5849 1408 5899 en
1423 5831 1502 5912 ipsis
1514 5829 1688 5912 applicent,
1701 5828 1842 5894 maxime
1858 5844 1926 5893 cunr
