4046 6460
288 445 342 524 ³1³.
798 455 910 519 sums
933 451 1391 524 ιιιιοιιιιιιοιιιιιιιιιιιιιι.
1861 453 1917 521 us

285 563 490 636 adueuationl
514 583 580 630 uon
616 585 752 645 oousam,
785 571 840 634 sed
874 573 1068 636 occasionem
1124 572 1217 649 tibus,
1234 576 1337 658 major
1359 585 1434 640 est:
1448 595 1515 660 pute
1538 593 1609 639 oero
1638 571 1832 648 carnalibus,
1847 575 1915 636 mi-

284 665 430 750 prabuit,
439 665 523 746 quod
535 666 648 746 lepisti,
662 665 785 732 beatum
800 669 928 734 Petrum
942 683 1071 753 oporto·
1120 692 1208 738 nor:
1226 684 1263 739 ut
1285 687 1402 758 quanto
1432 685 1479 740 est
1503 681 1588 742 inter
1613 676 1709 737 solem
1734 684 1764 738 et
1788 674 1915 746 lunam,

241 763 245 770 '
286 760 390 826 lorum
414 767 593 847 principem
617 768 663 831 sic
689 771 887 850 scripsisse:
909 772 1069 836 «Subditi
1122 784 1211 838 touta
1244 777 1328 840 inter
1352 778 1520 860 pontifices
1548 788 1578 840 et
1607 796 1694 858 repes
1728 775 1917 858 differentia

285 870 382 928 estote
395 867 479 929 omni
489 863 630 928 bumana
648 877 802 930 ereaturoe
809 878 946 952 propter
958 872 1067 947 Deum,
1122 889 1340 956 copnoscatur.
1359 879 1434 940 Huc
1448 886 1551 940 autem
1563 879 1592 942 si
1602 876 1778 958 prudenter
1800 885 1914 937 attem-

284 963 349 1026 tios
362 966 442 1045 sepi,
461 974 610 1048 tanquam
617 969 826 1048 pracellenti,
841 971 906 1033 sive
920 969 1066 1047 ducibus,
1121 973 1207 1038 deret
1220 977 1425 1058 imperatorio
1454 978 1604 1041 celsitudo
1629 996 1694 1040 nou
1707 979 1839 1060 suomet,
1857 983 1917 1039 aut

283 1073 430 1145 tanquam
454 1067 492 1130 ab
519 1084 554 1129 eo
584 1071 701 1144 missis,
717 1070 758 1132 od
781 1069 952 1134 uindictam
974 1071 1068 1133 mole-
1115 1076 1315 1154 permitteret
1344 1077 1730 1158 Constantinopolitonum
1761 1079 1914 1157 patriar-

195 1243 198 1260 !
281 1163 448 1244 laetorum,
464 1166 586 1230 laudem
601 1187 674 1230 uero
689 1168 1018 1252 bonorum.u(11letr.
1031 1188 1067 1245 ιι,
1120 1172 1220 1249 ebom,
1243 1193 1389 1256 mapnum
1414 1175 1584 1257 quidemst
1607 1173 1788 1238 honorabile
1817 1193 1915 1236 meeu-

194 1261 199 1336 ἱ
284 1263 332 1337 13,
350 1264 413 1342 1t.)
434 1267 545 1329 Verum
556 1269 585 1333 si
594 1286 761 1347 personam
786 1269 951 1351 loquentis,
967 1279 996 1332 et
1015 1289 1067 1333 eo·
1119 1271 1210 1335 breem
1230 1273 1390 1352 Ecclesia,
1402 1273 1681 1358 juctascabeilum
1698 1275 1814 1357 pedum
1838 1293 1915 1336 suo·

281 1381 353 1434 rum
375 1364 417 1427 od
435 1383 513 1446 quos
537 1365 732 1448 loquebatur,
748 1387 786 1430 ao
808 1370 871 1433 oim
897 1369 1068 1432 locutionis
1119 1389 1191 1433 rum
1203 1373 1238 1434 in
1256 1375 1389 1437 sinistro
1403 1383 1497 1456 porte
1514 1374 1639 1437 sedere:
1658 1393 1726 1436 cum
1743 1373 1802 1437 olii
1820 1392 1914 1453 repes

281 1461 466 1541 dilipsntius
479 1464 665 1528 attendisses
677 1466 844 1530 scribentis
864 1485 927 1529 non
940 1484 1069 1547 espret-
1120 1478 1150 1533 et
1165 1475 1344 1555 principes,
1357 1475 1603 1557 orcbiepiscopis
1620 1485 1650 1538 et
1674 1476 1833 1555 episcopis
1844 1477 1912 1538 suis

280 1561 376 1634 sisses
418 1561 527 1625 taliter
560 1562 764 1627 intellectum.
797 1562 959 1626 Scribebat
987 1563 1068 1624 enim
1120 1573 1215 1652 (sicut
1238 1572 1364 1654 debent)
1386 1586 1564 1637 reverenter
1595 1584 1782 1656 usurpant,
1808 1583 1843 1636 et
1868 1575 1913 1637 eis

280 1660 453 1744 Apollolut
467 1663 603 1727 subdllt't
617 1665 696 1741 sut's,
713 1674 743 1726 st
757 1683 807 1727 sos
822 1664 865 1737 (ld
879 1662 1068 1726 bumilildlt‘t
1111 1671 1210 1755 juxta
1224 1689 1256 1731 se
1268 1672 1474 1736 venerabilem
1488 1672 1590 1735 sedem
1604 1675 1775 1755 assipnent.
1788 1708 1828 1718 -
1839 1673 1912 1738 Nous

188 1801 194 1827 ι
280 1766 427 1828 meritum
448 1766 637 1847 prouocabat
651 1789 662 1829 .·
677 1768 796 1830 namsi
816 1783 875 1846 per
898 1767 966 1841 boc,
985 1765 1070 1846 quod
1119 1774 1221 1827 autem
1236 1769 1296 1830 etsi
1309 1787 1373 1832 non
1386 1771 1578 1848 increpando
1590 1773 1825 1851 scripserimus,
1845 1789 1910 1849 po·

281 1867 567 1936 dissuasurus·
590 1878 749 1932 estates»
773 1867 988 1930 sacerdotibus
1008 1883 1066 1928 oo·
1119 1867 1285 1929 tuissemus
1317 1878 1419 1931 tamen
1449 1872 1685 1935 rationabiliter
1712 1874 1910 1952 increpare:

179 2037 184 2058 ff
281 1965 343 2038 luit
358 1968 516 2048 imponere
523 1970 636 2051 jupum
650 1969 865 2051 subjectionis,
880 1975 911 2031 ιι
925 1967 969 2030 eis
981 1983 1067 2047 prte-
1118 1962 1216 2028 Nobis
1231 1976 1334 2029 autem
1357 1969 1392 2032 in
1417 1969 1456 2032 ll.
1469 1968 1563 2032 Petro
1592 1979 1668 2033 sumt
1689 1989 1761 2034 oves
1787 1971 1911 2034 Christi

179 2075 185 2152 ξ
281 2068 410 2132 lationis
429 2069 649 2132 auctoritatem
662 2067 911 2153 offerre,quibus
926 2086 977 2129 eos
991 2065 1065 2128 sub·
1119 2067 1299 2142 commissa,
1325 2066 1446 2131 dicente
1474 2070 1607 2132 Domino
1634 2092 1645 2132 .·
1673 2093 1688 2128 ι
1717 2072 1816 2134 Pasce
1838 2089 1910 2134 ooes

173 2189 183 2254 ι
279 2169 377 2246 lectos
394 2185 457 2231 esse
470 2167 630 2238 monebat,-
641 2176 823 2248 sequeretur
837 2185 877 2230 ea
890 2166 948 2228 ltoc
960 2166 1065 2239 etiam,
1117 2180 1199 2223 meas
1217 2185 1231 2220 a
1247 2164 1353 2244 (toan.
1369 2165 1522 2245 111,1'l);
1538 2163 1811 2246 nondistinpueus
1826 2167 1911 2244 isuer

169 2329 174 2345 ,
279 2265 481 2347 puodserout
502 2266 634 2346 quilibet
651 2267 687 2329 in
708 2264 884 2328 secerdotes
900 2265 1066 2344 imperium
1117 2266 1173 2329 bos
1185 2285 1255 2330 noes
1280 2275 1310 2329 et
1325 2270 1406 2332 alias
1422 2279 1482 2332 :ut
1497 2269 1635 2334 alienum
1659 2290 1678 2332 a
1702 2289 1760 2332 suo
1781 2268 1910 2330 demon·

167 2351 173 2403 ³
279 2369 460 2448 accepisset,
492 2387 561 2431 oum
582 2368 775 2432 dicotur:«
805 2367 897 2430 Omni
926 2366 1067 2428 bumana
1118 2379 1236 2433 straret
1274 2370 1362 2447 ouili,
1391 2373 1446 2452 qui
1479 2371 1608 2435 Petrum
1646 2380 1677 2434 et
1710 2387 1910 2434 successores

164 2472 168 2488 '
278 2477 439 2540 creatura.
463 2491 479 2528 s
501 2467 593 2547 Quod
613 2477 717 2531 autem
735 2469 877 2548 sequitur
907 2487 919 2526 .·
948 2487 964 2524 ι
988 2466 1067 2545 blepi
1117 2470 1219 2549 ipsius
1231 2473 1399 2550 mapistros
1412 2487 1477 2531 uon
1494 2477 1729 2549 rscopnosceret
1747 2477 1777 2530 et
1795 2476 1909 2548 posta·

160 2641 165 2654 Ι
278 2580 425 2650 tanquam
451 2569 784 2651 praesumtionem
808 2586 955 2649 nepamus
988 2568 1067 2648 quin
1117 2569 1907 2652 res:utilludtanquamnotissimumamittamus‚
2015 2561 2016 2592 ³

275 2671 438 2754 procellat
470 2671 644 2750 imperator
669 2672 705 2732 in
733 2669 960 2749 temporalibus
990 2669 1064 2730 illos
1117 2671 1200 2754 quod
1216 2672 1370 2735 Dominus
1392 2671 1479 2735 dixit
1504 2669 1545 2734 ad
1564 2671 1704 2742 Petrum,
1719 2676 1746 2731 et
1760 2667 1795 2729 in
1810 2666 1906 2728 Petro

277 3367 321 3440 sit
333 3367 500 3445 scriptum,
516 3367 621 3445 «Repi
633 3361 827 3444 precellenti
844 3387 859 3423 ι
875 3364 956 3427 :sed
969 3365 1066 3427 inter·
1116 3371 1225 3434 cretat.
1241 3369 1286 3432 ibi
1301 3391 1310 3430 e
1326 3369 1397 3434 Nou
1413 3377 1504 3448 putet
1518 3367 1645 3446 aliquis,
1661 3366 1745 3446 quod
1761 3363 1905 3448 jurisdi,

274 3467 417 3560 positum
441 3466 581 3548 forsitan
600 3467 664 3545 [uit
683 3482 749 3527 non
764 3467 831 3528 siue
855 3483 951 3528 causo
969 3473 1066 3528 stau·
1116 3473 1250 3534 ctiouem
1270 3469 1408 3532 illustris
1432 3469 1516 3547 repis
1540 3467 1740 3528 Francorum
1771 3474 1906 3544 pertur-

275 3668 523 3749 malefactorum,
540 3665 663 3729 laudem
689 3684 764 3729 cero
783 3664 954 3736 bonorum,-
975 3689 990 3726 s
1015 3668 1066 3730 in·
1109 3667 1366 3750 iurisdictionem
1381 3675 1521 3730 nostram
1541 3684 1597 3728 uec
1618 3662 1706 3735 uelit,
1726 3681 1783 3724 nec
1798 3660 1906 3722 debeat

165 3754 168 3798 ³
277 3765 479 3848 tellipendum
500 3784 566 3828 nou
581 3764 724 3845 estquod
738 3783 798 3827 rec
820 3764 870 3826 uel
892 3768 1066 3846 imperator
1117 3766 1278 3848 impedire.
1303 3767 1365 3829 Sed
1393 3787 1462 3829 cum
1479 3767 1629 3827 Dousinus
1644 3765 1729 3828 dicat
1742 3765 1778 3826 in
1794 3763 1904 3825 Euon-

167 3886 170 3894 ·
276 3883 372 3946 super
392 3866 488 3928 bonos
514 3873 543 3927 et
569 3865 665 3926 matos
694 3861 796 3943 pladii
819 3865 977 3942 acceperit
1002 3881 1064 3942 po·
1116 3867 1223 3946 pelio:
1246 3867 1315 3928 «si
1327 3867 1506 3948 peccaverit
1538 3867 1572 3928 iu
1599 3875 1628 3927 te
1654 3866 1903 3942 proterium.»

166 4033 168 4050 ξ
279 3972 431 4042 testatem,
447 3963 550 4025 sedin
577 3981 628 4024 eos
648 3961 853 4036 solummodo,
869 3963 923 4041 qui
942 3969 1065 4051 utentes
1117 3975 1179 4035 ele.
1210 3965 1337 4047 (blattis.
1367 3982 1460 4039 xvnr,
1488 3963 1550 4045 15.)
1578 3974 1608 4026 et
1634 3982 1692 4025 reu
1715 3961 1839 4042 Amplioe
1864 3961 1906 4022 sil

277 4063 384 4144 plodio
404 4065 470 4146 ejus
495 4071 568 4124 sunt
590 4061 816 4144 jurisdictioni
844 4061 1013 4124 commissi.
1028 4094 1067 4109 -·
1115 4075 1250 4144 parotus
1283 4063 1479 4144 sufficienter
1518 4060 1696 4134 ostendere,
1727 4059 1813 4141 quod
1847 4075 1906 4118 res
2011 4105 2012 4132 ,

160 4190 167 4219 1
278 4165 441 4229 Potuisses
455 4175 558 4228 autem
569 4165 812 4244 proeropatiocm
835 4161 1008 4226 sacerdotii
1027 4183 1067 4226 ιι
1116 4166 1316 4230 Francorum
1341 4171 1452 4242 peccat
1481 4163 1515 4223 in
1545 4163 1660 4240 ipsum,
1676 4168 1705 4221 et
1726 4162 1796 4239 ipse
1820 4158 1906 4220 circa

278 4267 432 4346 sopotius
446 4264 634 4345 iutelliperc,
650 4260 733 4344 quod
755 4260 875 4324 dictum
892 4271 947 4333 est,
964 4281 1067 4326 nono
1118 4284 1187 4328 sum
1208 4265 1242 4326 iu
1265 4265 1463 4343 correptione
1484 4261 1640 4341 processit
1661 4259 1832 4320 secundum
1855 4276 1905 4319 re-

276 4483 342 4536 non
353 4465 390 4528 de
404 4465 493 4544 sepia
506 4464 619 4542 stirpe.
640 4459 696 4522 sed
717 4460 755 4523 ds
779 4459 970 4526 sacerdotali
990 4479 1068 4540 pro·
1114 4465 1268 4546 proiecit,
1291 4461 1376 4525 dicit
1396 4460 1546 4524 Ecclesia
1561 4479 1572 4520 .·
1589 4457 1749 4540 Quomodo
1770 4475 1829 4519 nos
1854 4458 1908 4538 qui

276 4568 369 4646 sapio
385 4561 593 4638 descendenti,
609 4560 645 4624 de
669 4560 887 4624 sacerdotibus
907 4558 1065 4638 videlieet,
1116 4575 1225 4626 sumus
1247 4562 1289 4625 od
1316 4563 1455 4640 repimcn
1480 4557 1669 4623 uniuersalis
1687 4559 1839 4622 Ecclesioe
1855 4577 1907 4619 su-

277 4668 332 4747 qui
361 4674 452 4728 erant
474 4665 511 4725 in
526 4663 690 4734 Anatlsot:
712 4683 728 4718 ι
753 4659 835 4722 Ecce
858 4662 1012 4724 constitui
1037 4670 1066 4724 te
1117 4681 1219 4745 perna
1230 4662 1438 4742 dispositione
1447 4662 1562 4737 uocati,
1573 4659 1756 4722 mundatum
1765 4659 1907 4722 divinum
2009 4733 2010 4740 ἶ

278 4781 377 4844 super
393 4772 509 4843 pentes,
526 4773 554 4826 et
568 4778 677 4841 repna,
694 4769 731 4822 ut
745 4756 858 4821 evellas
869 4769 898 4822 et
916 4761 1066 4841 dissipes,
1115 4781 1284 4852 possumus
1297 4780 1362 4826 non
1376 4759 1539 4834 exaudire,
1559 4768 1595 4822 ut
1618 4778 1684 4824 nou
1698 4757 1906 4839 procedamus

277 4857 775 4943 Wfffiilllilllssbbil·l(10l⁶m·
798 4877 821 4929 ¹2
844 4857 1068 4936 1⁰⁵l1't'oeltt·
1118 4861 1288 4934 secundum
1315 4865 1448 4946 sormam
1473 4863 1637 4942 ipsiusl...
1652 4859 1725 4924 Non
1750 4859 1833 4921 euim
1855 4859 1906 4920 iu·

279 4985 314 5029 so
350 4983 441 5027 nosse
468 4963 631 5038 debueras,
639 4959 724 5043 quod
746 4983 762 5018 ι
782 4960 873 5026 Fecit
902 4961 985 5031 Deus
1004 4959 1067 5024 duo
1120 4961 1275 5027 tendimus
1294 4960 1438 5042 iudicare
1460 4960 1497 5023 de
1516 4959 1623 5044 seudo,
1644 4960 1735 5040 cujus
1750 4957 1907 5038 adipsum
2008 4963 2009 5004 l

277 5065 574 5147 mopualuminariu
591 5063 625 5134 in
647 5061 838 5141 irritamento
860 5062 956 5125 cali.-
979 5063 1069 5128 lums'·
1119 5071 1240 5147 spectat
1260 5061 1431 5146 judicium,
1456 5065 1523 5129 uisi
1534 5064 1632 5142 'sorte
1650 5062 1725 5143 juri
1752 5058 1907 5126 communi

277 5167 491 5256 naremap'us,
513 5171 716 5245 utprasesset
741 5165 836 5227 diei:
860 5174 891 5226 et
914 5162 1068 5230 luminare
1117 5181 1178 5247 pet·
1208 5161 1343 5244 speciole
1374 5161 1594 5243 priuilepium‚
1627 5161 1677 5223 oel
1714 5159 1906 5224 contrariam

277 5271 393 5342 minus,
423 5277 461 5332 ιιι
485 5273 632 5350 preesset
658 5266 755 5330 nocti.
787 5265 919 5348 ultien.
947 5283 971 5338 ι,
1003 5263 1067 5347 lb.)
1119 5264 1375 5328 consuetudinem
1402 5259 1526 5344 aliquid
1551 5262 1594 5324 sit
1622 5259 1831 5324 detractum:
1853 5256 1906 5319 sed

281 5367 450 5445 Utrumque
470 5380 626 5444 maouum,
650 5361 704 5426 sed
730 5362 864 5426 alterum
883 5363 996 5444 majus.
1019 5361 1069 5434 Aa
1119 5365 1283 5436 decernere
1305 5363 1343 5426 de
1363 5371 1507 5448 peccato,
1522 5364 1612 5445 cujus
1631 5359 1674 5423 od
1691 5379 1751 5423 nos
1769 5363 1906 5440 pertinet

278 5465 505 5548 firmamentum
518 5464 621 5545 ipitur¹
634 5463 713 5538 sali,
726 5464 784 5542 ltoc
803 5471 861 5544 ιιι,
878 5463 1068 5531 universalis
1118 5462 1395 5529 sinsdnbitatione
1412 5477 1557 5532 censura,
1572 5476 1665 5540 quun
1685 5459 1721 5521 in
1743 5455 1903 5539 quemlibet

160 2776 166 2819 ἒ
277 2769 447 2843 duntaxat,
465 2771 520 2850 pui
534 2769 572 2831 ab
588 2787 622 2830 eo
650 2769 829 2847 suscipiunt
854 2765 1064 2845 temporalias
1117 2771 1202 2835 diris
1220 2771 1262 2834 cd
1280 2789 1473 2834 successores
1496 2771 1597 2850 ipsius
1622 2790 1632 2834 s
1656 2791 1671 2826 ι
1691 2767 1908 2846 Quodcunque
2015 2803 2016 2818 ι

158 2864 163 2927 i
277 2868 488 2950 sedpoutileu
504 2869 539 2929 in
557 2866 779 2949 spiritualibus
797 2863 982 2930 antecellit:
998 2881 1065 2945 pua
1117 2871 1266 2950 lipocerie
1291 2887 1388 2954 super
1416 2881 1543 2946 terram,
1567 2871 1629 2931 erit
1658 2868 1791 2948 lipatum
1818 2876 1848 2928 ιι
1873 2865 1908 2928 iu

156 2966 163 3066 ,Ξ
278 2981 367 3048 tanto
393 2979 468 3033 suut
498 2968 722 3050 temporalibus
760 2967 919 3045 dipniora,
947 2975 1063 3046 quanto
1116 2969 1210 3046 calis,
1230 2983 1321 3037 scic.
1340 2972 1465 3053 (blattls.
1485 2970 1627 3050 seruiit.)
1641 2966 1729 3034 Nibil
1742 2967 1907 3046 excipiens
2015 3019 2016 3030 ,

158 3073 164 3140 i·
277 3068 384 3135 ouima
404 3067 576 3148 prasertur
596 3066 750 3144 corpori:-
766 3062 838 3126 licet
859 3081 923 3124 non
937 3063 1063 3143 simpli·
1116 3073 1170 3151 qui
1183 3070 1297 3135 dicit:
1318 3093 1333 3129 ι
1350 3071 1604 3150 Quodcunque.»
1621 3067 1739 3130 Eadem
1759 3065 1907 3129 doctrine

160 3151 165 3207 ξ
277 3168 357 3236 siler
376 3165 495 3229 dictum
519 3167 630 3247 lumb
651 3189 666 3224 s
686 3162 813 3227 Subdt'b'
836 3173 986 3226 molet»
1011 3161 1065 3226 ‘td
1116 3173 1259 3236 sancitur
1294 3173 1334 3234 ab
1357 3171 1471 3234 eodem
1494 3167 1683 3232 innocentio
1709 3167 1751 3229 ΙΙΙ
1774 3164 1811 3228 in
1835 3181 1904 3242 ιιι.

277 3263 505 3329 umescunt.-
523 3266 693 3345 «Propter
716 3265 813 3327 Deum
831 3286 842 3327 ··
862 3287 876 3321 ι
898 3263 962 3328 Neo
982 3281 1064 3343 oure
1115 3271 1212 3336 unse
1233 3269 1287 3333 sue
1310 3269 1357 3343 ts,
1375 3271 1423 3334 ιιι.
1450 3289 1472 3343 ι,
1489 3271 1534 3330 m
1551 3268 1697 3350 jocosus,
1715 3267 1773 3330 tiu.
1796 3285 1821 3328 ιι
1843 3266 1905 3327 ou
2014 3287 2015 3298 ι

160 3605 163 3613 ‹
276 3565 1065 3648 preamoQuodoutsmsequitur,«Adoindictom
1117 3567 1206 3644 bore,
1236 3576 1293 3630 aut
1325 3569 1464 3631 minuere
1495 3563 1711 3638 intendamus,
1741 3563 1906 3641 cumipse
2013 3569 2014 3572 ’

166 4361 168 4365 ’
277 4366 427 4448 quolibet,
439 4363 704 4430 sedaDeosnou
718 4362 798 4440 repi,
814 4360 870 4425 sed
882 4362 1041 4426 sacerdoti
1055 4385 1065 4429 t
1117 4363 1224 4445 pulum
1255 4360 1472 4442 eoanpelicom‚
1496 4367 1526 4422 et
1556 4360 1679 4422 tondsm
1701 4357 1904 4420 nullomodo
2010 4411 2011 4440 ,

279 5563 440 5644 Ecclesia,
460 5566 537 5647 feeit
560 5566 643 5639 Deus
663 5563 725 5632 duo
746 5582 860 5644 mupna
884 5563 1069 5644 luminoria,
1119 5579 1265 5632 exercere
1284 5576 1452 5642 possumus
1471 5567 1503 5621 et
1528 5556 1682 5623 debemus.
1707 5555 1782 5628 Nou
1806 5555 1906 5635 icitur
2006 5579 2007 5612 ι

279 5665 317 5736 s'd
343 5675 400 5740 est,
427 5663 506 5728 duos
530 5666 673 5732 instituit
694 5662 876 5744 dipnitates‚
905 5681 971 5744 pua
993 5670 1069 5742 suut
1118 5657 1578 5746 injuriosumsibidebstrepia
1591 5656 1902 5737 dianitosrsputars,

278 5761 473 5856 pontificalis
502 5763 696 5838 auctoritas,
719 5770 748 5824 et
772 5762 890 5842 recolis
915 5768 1067 5842 potestas.
1118 5763 1149 5826 si
1160 5779 1257 5842 super
1273 5761 1332 5824 boe
1347 5755 1523 5840 apostoleco
1528 5757 1656 5839 judicto
1670 5774 1703 5817 ιι
1718 5754 1902 5828 committat,

280 5859 632 5947 recommonens
649 5863 892 5943 dictauidcst,
912 5864 1067 5954 spiritua·
1123 5880 1192 5936 tuus
1231 5863 1468 5934 Valentinianus
1501 5858 1641 5940 inelptus
1678 5857 1898 5942 imperatam...
