4042 6458
280 419 335 486 css
793 387 1384 484 runtscanonrclcournnotun.

284 537 391 609 potest
413 537 445 594 et
469 531 564 594 debet
581 545 775 610 seruosque
805 529 993 596 defendere.
1010 533 1069 594 Na·
1125 526 1204 590 dicit
1234 529 1267 590 in
1298 527 1354 592 lib.
1388 527 1505 605 Qeeet.
1536 529 1674 614 (scilieet
1698 533 1804 616 Super
1826 537 1912 608 Ios..
2009 593 2010 636 ἶ

282 627 382 692 tionis
425 628 508 694 lesos
535 629 684 710 princeps
720 630 814 692 talem
843 631 1069 694 defensionem
1124 647 1157 710 q.
1183 631 1285 710 illita
1312 633 1404 696 iusta
1428 629 1513 696 bella
1541 634 1649 699 solent
1676 636 1807 702 deliniri
1840 655 1914 720 que
2009 651 2010 696 t

285 726 392 790 eidem
425 733 457 790 et
486 727 561 808 ejus
590 728 742 790 membris
771 728 928 794 debet.Si
962 737 1068 793 autem
1125 731 1326 794 ulciscuntur
1342 733 1519 813 injuriassi
1536 753 1629 817 gens,
1645 739 1696 801 rel
1712 739 1828 804 civitas
1846 742 1914 821 ple·

281 825 533 889 satisfactionem
551 828 730 891 obtinuerit
745 831 868 910 absque
880 829 1070 894 necessitato
1124 831 1237 895 clauda
1262 841 1323 910 est,
1354 853 1427 915 quae
1459 838 1510 902 rel
1538 837 1701 905 vindicare
1734 843 1915 924 neglexerit

280 941 458 998 armorum,
485 928 599 1008 nequit
622 928 694 991 sine
711 929 873 1009 injustitia
900 931 1005 995 iacere
1021 930 1070 996 rel
1123 930 1212 1008 quod
1239 932 1342 995 esuis
1357 933 1502 1014 improbe
1528 936 1646 1002 iactum
1673 947 1735 1017 est,
1763 941 1815 1006 rel
1843 943 1916 1005 red·

280 1031 437 1088 attentare
476 1029 749 1108 conquisitiones.
794 1031 901 1095 Aliam
942 1041 1071 1114 gentem
1125 1028 1203 1090 dere
1230 1033 1317 1110 quod
1348 1035 1574 1116 perinjurium
1605 1039 1747 1104 ablatum
1779 1050 1915 1104 est.»-

281 1123 404 1204 absquc
433 1125 580 1206 legitima
599 1147 696 1193 carrsa
719 1131 897 1206 debellare,
921 1142 971 1196 est
999 1133 1070 1213 eius
1126 1129 1234 1192 Tertio
1253 1133 1434 1212 requiritur
1453 1138 1693 1204 utsitintentio
1721 1140 1914 1206 bellantium

278 1224 353 1303 jura
370 1223 501 1301 violare,
520 1229 650 1308 ipsique
678 1231 865 1310 dispendios
884 1241 915 1295 et
944 1231 1070 1297 labores
1125 1236 1231 1302 rectae
1259 1249 1321 1310 qua
1336 1233 1460 1298 scilicet
1478 1237 1660 1302 intenditur
1676 1241 1724 1304 rel
1743 1251 1778 1303 ut
1792 1244 1916 1307 ironam

281 1326 491 1404 oppressivos
524 1337 555 1390 er
585 1329 725 1409 injussos
757 1333 890 1409 iruerrn
931 1335 1072 1417 ideoque
1126 1335 1431 1406 promoveatunrel
1458 1342 1493 1398 ut
1522 1337 1641 1400 metam
1670 1339 1914 1406 tractarenon

281 1428 487 1505 provocatrix
509 1431 597 1494 natio
611 1440 739 1495 tenetur
764 1435 803 1497 ad
828 1436 936 1498 omnia
952 1438 1069 1499 demna
1124 1429 1341 1511 Augustinus,
1358 1434 1392 1495 in
1424 1451 1491 1514 cap.
1508 1437 1602 1518 apert
1615 1483 1624 1514 r
1639 1457 1733 1504 0⁸⁰⁵&
1746 1443 1799 1516 23,
1817 1445 1860 1503 ⁰0
1881 1462 1915 1507 tt

281 1529 496 1590 resarcienda.
532 1530 656 1592 Debent
683 1532 970 1599 vulnerationes
997 1553 1072 1598 suc·
1125 1532 1260 1596 milliari
1297 1537 1428 1600 “bello
1449 1549 1913 1628 clitelloldmsqdwdnud

281 1642 414 1688 currere
439 1629 526 1706 genti
548 1627 678 1707 injusto
702 1632 887 1709 debellatae3
917 1635 978 1698 boc
1005 1652 1070 1699 non
1125 1651 1221 1698 veros
1251 1637 1311 1700 lici
1346 1641 1600 1706 cultoresetiem
1616 1644 1701 1709 belle
1726 1647 1781 1708 illa
1807 1658 1915 1727 pacata

281 1728 503 1790 tantummodo
518 1738 565 1791 est
581 1731 738 1804 debitum,
756 1735 812 1796 sad
826 1736 922 1798 eliam
935 1753 1070 1800 suorum
1124 1743 1201 1798 sunt
1227 1753 1301 1817 quse
1320 1756 1386 1803 non
1406 1743 1596 1822 cupiditate,
1622 1754 1677 1808 aut
1707 1747 1914 1825 crudelitate,

284 1825 490 1902 propriorum
519 1827 643 1907 jurium
666 1837 811 1894 tutamen
851 1842 883 1896 et
911 1837 1069 1900 custodie.
1124 1840 1182 1901 sed
1201 1840 1288 1918 pacis
1299 1843 1409 1906 studio
1423 1855 1594 1923 geruntur,
1611 1855 1645 1912 ut
1656 1848 1730 1912 meli
1744 1867 1916 1916 coercean-

282 1925 486 2003 conquisitio
502 1945 559 2006 per
574 1929 731 2009 injustum
747 1932 867 1997 bellom
882 1935 962 2000 lacta
988 1955 1072 2001 nun·
1123 1948 1178 2006 tur
1191 1955 1222 2006 et
1239 1943 1315 2006 boni
1332 1945 1581 2011 subleventur.»

281 2022 1070 2112 quamstabilirepotasllegitimampossessionem
1164 2064 1180 2100 a
1198 2046 1306 2107 Potest
1319 2054 1425 2108 autem
1443 2050 1631 2130 contingere
1658 2058 1694 2115 ut
1718 2053 1745 2116 si
1769 2053 1812 2116 sit
1832 2055 1916 2133 legi-

283 2141 342 2184 nec
366 2125 591 2203 conquirentis
617 2135 846 2207 supreuratiam
874 2153 974 2217 super
991 2155 1070 2217 gen·
1124 2144 1199 2208 tima
1225 2148 1397 2212 auctoritas
1419 2149 1593 2214 indicentis
1610 2153 1744 2230 bellum,
1764 2163 1797 2218 et
1820 2173 1916 2219 causa

281 2231 344 2286 tem
364 2225 593 2304 conquisitam,
622 2245 686 2290 non
715 2235 928 2316 megisquam
945 2236 1069 2301 furtum
1119 2244 1219 2324 justa,
1247 2247 1461 2312 nibilominus
1492 2261 1622 2332 propter
1649 2271 1775 2333 proram
1803 2257 1916 2319 inten-

283 2335 439 2386 arrualunr
459 2325 508 2388 rel
541 2325 651 2404 reprlua
682 2349 885 2416 quaecunque
902 2347 1005 2416 potest
1024 2339 1070 2402 la·
1123 2345 1244 2407 tionem
1260 2345 1379 2410 beilum
1397 2351 1815 2419 reddaturillioitum.i)icit
1828 2358 1915 2420 enim

283 2437 408 2486 tronem
451 2425 633 2507 legitimam
668 2434 814 2508 pecunie
854 2435 985 2498 viatoris
1017 2436 1067 2500 rel
1124 2445 1326 2524 Augustinus
1351 2449 1383 2510 in
1413 2449 1467 2512 lib.
1498 2469 1576 2527 rau,
1603 2455 1721 2518 Contra
1748 2456 1914 2530 Faustum,

282 2525 351 2604 agri
372 2526 445 2605 ejus
474 2531 573 2594 ricini
605 2535 853 2612 proprietarium
883 2544 915 2600 el
942 2553 1071 2616 posscs-
1124 2557 1193 2624 esp.
1210 2545 1260 2621 ii,
1278 2545 1412 2610 relatum
1427 2547 1460 2610 in
1477 2567 1570 2612 causa
1584 2553 1646 2614 23:
1663 2555 1808 2616 Noceodi
1825 2556 1917 2633 eupi-

283 2641 390 2687 sorern
420 2630 567 2691 reddere.
1123 2642 1219 2719 ditas,
1239 2645 1416 2709 ulciscendi
1434 2650 1622 2725 crudelitas,
1648 2653 1835 2730 impacatus,
1850 2655 1915 2716 im·

1858 419 2010 502 ase,

326 2723 366 2784 ll.
385 2725 428 2784 tte
450 2727 535 2806 justi
564 2727 639 2793 betti
671 2733 965 2797 condirection-
992 2739 1071 2799 San·

281 2829 352 2885 etus
381 2825 519 2889 Thomas
543 2831 615 2905 Μ,
632 2839 747 2910 quest.
765 2833 815 2906 to,
832 2835 879 2897 sic
909 2837 992 2898 aiter
1020 2837 1070 2900 nd

281 2923 343 2988 nae
364 2927 450 3005 quoa
478 2927 612 3008 aliquod
636 2932 756 2996 cerrum
781 2918 980 3016 srr'psrum,
1009 2938 1070 3002 ros

282 3025 511 3105 requiruntur:
549 3032 688 3108 primum
725 3035 858 3113 quidem
898 3038 1070 3099 auctoritas

201 3111 209 3120 ’
283 3123 455 3203 principis,
478 3126 570 3207 cujus
590 3131 738 3194 mandato
750 3133 875 3196 bellum
895 3143 944 3198 est
958 3155 1071 3216 geren·

282 3223 372 3288 dum.
388 3227 457 3288 Non
472 3229 559 3292 anim
573 3231 760 3310 pertinetad
784 3252 952 3315 personam
968 3238 1072 3316 prina-

282 3333 346 3386 tam
377 3325 499 3390 bollum
519 3345 661 3409 morere,
691 3335 769 3414 quia
788 3335 958 3417 potestjus
974 3353 1070 3400 suum

283 3423 318 3486 io
347 3424 470 3503 judicio
509 3431 689 3508 superioris
721 3437 886 3516 prosequi.
916 3436 1071 3500 Similiter

282 3523 380 3586 etiam
409 3540 586 3590 convocare
625 3532 879 3611 multitudinem,
915 3539 1003 3615 quod
1036 3537 1070 3600 in

282 3619 377 3683 bellis
402 3631 528 3700 oportet
553 3627 634 3703 fieri,
661 3647 724 3693 non
742 3633 882 3711 pertinet
902 3638 941 3699 ad
965 3638 1070 3714 priva·

281 3726 344 3783 tarn
369 3737 549 3798 personam.
563 3727 641 3789 Cura
657 3741 765 3794 nutem
782 3751 856 3796 eura
884 3737 1072 3816 reipublice

281 3820 454 3884 corrrmissa
483 3825 526 3887 sit
551 3827 766 3909 principibus,
796 3833 836 3895 od
858 3851 914 3896 eos
930 3837 1072 3916 pertinet

282 3919 511 3997 rempublicam
539 3925 691 4004 civitatis,
722 3933 770 3995 rol
795 3934 888 4013 regni
917 3954 977 4002 seu
994 3959 1069 4018 pro·

285 4019 399 4083 vincte
426 4022 490 4085 sibi
516 4024 653 4089 subdite
670 4033 784 4093 tueri.
808 4034 847 4093 Et
875 4035 960 4097 sieut
984 4039 1071 4102 licite

282 4117 463 4183 detendunt
485 4139 555 4186 eant
577 4129 730 4190 materiali
762 4130 869 4210 gladio
898 4139 1072 4202 coutrain·

282 4219 419 4282 teriones
443 4223 715 4303 perturbationes,
745 4230 822 4292 dum
852 4234 1071 4302 malefactores

284 4316 436 4394 puniunt,
453 4324 635 4384 secundum
652 4325 733 4388 illutl
761 4330 904 4408 Apostoli
923 4335 960 4396 ad
979 4337 1069 4400 llrrnr.

283 4433 354 4491 xru,
392 4417 427 4479 le
445 4419 516 4482 Non
542 4423 612 4485 eine
637 4442 733 4488 coneo
760 4430 901 4508 pledinm
939 4447 1071 4514 portet,-

281 4520 427 4583 nu'nirter
449 4523 532 4584 eninr
561 4523 619 4586 Dei
649 4538 706 4604 eet,
737 4532 856 4596 cloden
880 4535 1017 4598 inirem
1044 4540 1072 4601 ei

282 4621 338 4699 qui
365 4621 444 4682 mole
463 4623 547 4702 opit:
575 4623 620 4689 ile
649 4629 745 4691 eliam
766 4631 876 4710 gladio
892 4635 1010 4699 bellico
1030 4638 1070 4704 ati

282 4737 339 4780 eos
368 4721 507 4798 pertinet
524 4725 754 4804 rempublicam
767 4732 851 4794 tueri
874 4735 915 4796 alr
930 4737 1072 4799 exterio·

287 4820 377 4883 ribus
389 4820 550 4888 hostibus.
570 4825 663 4891 Unde
679 4838 710 4889 et
727 4829 927 4911 principibus
953 4835 1071 4900 dieitur

284 4923 317 4986 in
354 4924 467 5000 psalm.
484 4941 593 5000 cxxxi,
619 4926 655 4989 le:
676 4929 807 5010 Eripite
834 4951 1016 5016 pauperem,
1041 4949 1071 5002 et

287 5039 418 5101 epenum
444 5023 481 5085 de
508 5044 603 5088 monae
623 5033 800 5108 peccatoris
828 5032 1070 5103 iiberctc.Unde

283 5123 488 5202 Arrgrrslinus
505 5126 585 5189 dicit
599 5137 709 5192 contro
725 5132 893 5210 Faustum,
916 5136 970 5200 lib.
988 5155 1068 5210 xxrr,

281 5241 351 5301 capr.
381 5226 431 5290 75.
460 5227 493 5289 in
524 5229 644 5307 princ:
663 5233 775 5296 «Ordo
805 5239 959 5301 naturalis
988 5256 1071 5304 mor·

282 5325 394 5388 tatiurn
409 5326 474 5401 praei
489 5330 745 5394 accommodatus
759 5333 819 5397 hoo
830 5337 989 5415 pascique
999 5357 1072 5402 sus-

282 5427 425 5505 cipiendi
463 5427 542 5492 belli
572 5433 745 5497 auctoritas
769 5444 866 5517 atquc
894 5439 1069 5503 concilium

282 5543 381 5604 penes
412 5527 573 5607 principos
588 5530 669 5595 sit.»
692 5566 728 5578 -
745 5533 889 5596 Secundo
923 5537 1066 5617 requiri·

282 5635 335 5688 tur
362 5642 456 5689 causa
481 5627 587 5709 jaasia:
618 5638 653 5693 ut
681 5631 804 5696 scilicet
835 5633 885 5698 illi
923 5635 980 5716 qui
1009 5636 1070 5700 irn-

1125 2746 1292 2824 placabilis
1307 2749 1448 2826 animus,
1461 2749 1571 2815 feritas
1586 2753 1777 2828 rebellandi,
1814 2756 1915 2818 libido

1124 2845 1366 2922 dominandum
1389 2851 1416 2912 si
1431 2867 1494 2931 qua
1515 2855 1736 2930 suntsimilis,
1756 2855 1825 2918 hmc
1839 2863 1916 2919 sunl

1123 2962 1196 3025 quoe
1210 2948 1242 3010 iu
1261 2948 1355 3012 bellis
1367 2949 1441 3029 jure
1455 2953 1638 3032 culpantur.
1657 2975 1672 3012 n

1163 3051 1341 3132 Hucusque
1364 3057 1405 3116 de
1426 3055 1500 3135 jure
1527 3059 1695 3120 nationum
1715 3066 1749 3122 et
1767 3059 1915 3122 cirillum

1124 3160 1335 3229 potestatum,
1350 3153 1544 3221 familiarum
1566 3164 1597 3221 et
1611 3157 1825 3222 humanarum
1846 3177 1916 3239 per·

1124 3265 1275 3315 sonarum
1290 3255 1443 3333 diximus,
1461 3265 1556 3320 restat
1573 3275 1659 3321 nunc
1684 3267 1718 3321 ut
1733 3261 1914 3322 secundum

1125 3351 1235 3411 eadem
1249 3351 1405 3434 principia
1416 3355 1456 3418 de
1469 3357 1558 3419 cirili
1573 3364 1605 3420 at
1616 3357 1785 3436 temporali
1800 3367 1915 3422 sanctes

1126 3449 1277 3514 Ecclesiae
1291 3455 1440 3519 llonranae
1455 3463 1485 3518 et
1500 3457 1784 3534 sedisapostolicae
1798 3457 1915 3536 prinei·

1126 3556 1200 3628 patu
1219 3551 1344 3631 dejure
1360 3553 1473 3618 divino
1491 3555 1647 3619 dieamus.

1430 3651 1546 3709 CAPUT
1565 3651 1611 3708 tlt.

1128 3729 1166 3786 ile
1190 3732 1262 3788 cicili
1286 3742 1311 3788 et
1338 3735 1478 3804 temporali
1495 3747 1594 3792 senene
1615 3738 1684 3792 cedis
1710 3735 1912 3820 epcstqiieoeet

1162 3801 1286 3858 Eccleeioe
1297 3820 1330 3858 ec
1339 3805 1403 3874 jure
1418 3807 1506 3862 diuino
1515 3809 1677 3878 principatu,
1694 3807 1777 3878 deque
1793 3809 1911 3888 petre-dt·

1161 3873 1220 3928 eino
1234 3873 1356 3931 Ecclesite
1373 3877 1441 3929 bono
1456 3877 1612 3948 temporalia
1625 3885 1649 3932 et
1662 3893 1753 3931 rorem
1767 3876 1910 3930 dominarer

1162 3942 1339 4014 independens
1359 3953 1384 4000 et
1399 3956 1549 4016 exemptum
1567 3947 1726 4016 possidendi.

1164 4027 1409 4091 Proeuotnndum
1433 4030 1459 4090 l.
1479 4030 1680 4110 Principatus
1703 4033 1812 4096 ciuilis
1846 4049 1913 4096 san·

1125 4125 1285 4188 ete'sedis
1302 4125 1419 4189 iisdem
1439 4128 1572 4192 omnino
1591 4129 1723 4209 juribus
1742 4147 1779 4194 ae
1802 4147 1912 4196 omnes

1127 4219 1280 4286 laicorum
1295 4225 1492 4304 principatus
1503 4244 1543 4289 ex
1557 4226 1626 4308 lego
1635 4227 1774 4292 naturali
1784 4231 1911 4308 gaudete

1126 4325 1183 4386 sed
1200 4323 1401 4388 nullusolius
1415 4327 1614 4406 principatus
1629 4335 1678 4390 est
1699 4328 1912 4393 immediatos

1125 4423 1915 4513 Deoinstitutusedumecontrasauctasedesepo-

1124 4524 1239 4588 stolica
1262 4542 1325 4588 nora
1346 4525 1452 4590 solum
1468 4527 1668 4607 spiritualem
1692 4531 1868 4609 primatum
1885 4540 1915 4597 et

1126 4624 1340 4706 principatum
1357 4629 1390 4690 in
1406 4628 1597 4691 universum
1609 4629 1732 4704 orbem,
1748 4635 1810 4696 sed
1823 4633 1913 4697 etiam

1124 4728 1913 4811 supremumprincipatumeirilemotlemporalem

1124 4829 1915 4908 quemexerceredebetolicubi,cximmediataio-

1124 4931 1293 4994 stitutione
1307 4930 1417 4993 ctrina
1426 4930 1564 5007 oblinet;
1575 4931 1914 5009 proterendominium

1125 5048 1189 5094 uon
1205 5031 1312 5095 solum
1335 5032 1515 5112 regiminis,
1538 5033 1594 5094 sed
1617 5032 1712 5094 eliam
1743 5031 1914 5104 directum,

1126 5130 1302 5211 perlectum
1327 5139 1359 5194 et
1383 5131 1514 5212 plenum
1536 5131 1571 5195 in
1590 5134 1742 5196 omnibns
1768 5135 1916 5198 Ecclesits

1124 5232 1288 5295 catholice
1309 5233 1468 5296 universe
1491 5234 1586 5295 botris
1610 5235 1861 5314 temporalibus,
1882 5235 1914 5296 iu

1123 5332 1273 5414 quolibet
1288 5340 1379 5396 terrae
1395 5333 1463 5394 loeo
1479 5333 1540 5396 sita
1563 5333 1641 5407 sint,
1657 5351 1696 5397 ex
1712 5335 1829 5398 eodem
1841 5335 1913 5414 jure

1124 5431 1238 5496 divino
1262 5432 1357 5496 babet
1380 5442 1412 5495 et
1435 5431 1595 5513 ejusmodi
1619 5433 1703 5498 boae
1726 5435 1913 5516 ubicunque

1123 5536 1245 5599 luerint
1262 5535 1323 5596 sita
1350 5534 1542 5615 principatui
1565 5534 1654 5598 cirili
1677 5535 1832 5600 Ecclesisc
1860 5551 1913 5613 po·

1123 5636 1219 5701 sitire
1251 5637 1492 5716 quodammodo
1513 5635 1743 5716 subjiciuntur.

283 5734 479 5805 pugnantur,
514 5740 644 5810 propter
680 5731 823 5814 aliquam
851 5737 978 5817 culpam
1007 5738 1071 5801 im·
1165 5740 1206 5802 li.
1228 5737 1910 5818 lrleoqucnoutautumcirilisetlompo·
2009 5731 2010 5762 l

282 5829 513 5908 pugnationem
543 5843 739 5898 mereantur.
756 5836 845 5902 Unde
861 5839 1067 5921 Augustinus
1125 5840 1203 5906 ralis
1228 5841 1427 5922 principatus
1449 5849 1565 5904 sancte
1585 5840 1672 5904 sedis
1689 5842 1909 5906 necessitatem
