4042 6458
117 399 181 466 aas
427 398 525 466 runs
541 397 598 460 111.
622 396 671 459 ns
690 394 888 458 rsusours,
904 346 938 430 -ἔ
953 394 1026 458 aro.
1047 395 1100 456 rx.
1122 395 1171 459 on
1190 396 1325 473 narcrs,
1346 396 1429 459 ure.
1710 397 1764 464 ecc
1795 471 1799 482 ⁴

114 515 150 569 et
178 504 370 570 declarsurlo
398 515 474 570 tuuc
498 505 604 572 locum
632 493 749 571 habere
781 504 914 584 priritr·
969 515 1023 568 tur
1055 505 1195 586 ipsomet
1221 505 1397 574 novitiatus
1412 523 1576 588 ingressu,
1608 507 1668 573 sed
1697 508 1764 574 sola

114 607 211 688 giuru
224 606 387 687 Apostoli.
409 609 455 671 lta
483 607 569 672 inter
609 606 693 672 alios
735 607 913 688 Gregorius
966 607 1278 687 solemnirelipionis
1296 605 1521 687 professionc3
1561 607 1763 690 proindeque

113 709 211 784 lilll,
237 707 315 772 totu.
337 716 369 771 ct
390 708 460 790 ipsa
476 709 667 774 Benedictus
682 709 768 784 xlv,
787 706 914 770 Bullar.
965 723 1137 771 rernanens
1168 706 1202 768 in
1221 707 1342 770 sarculo
1364 707 1404 770 ad
1421 705 1500 770 alias
1528 705 1659 787 nuptias
1672 775 1675 782 ,
1690 723 1764 786 pro-

113 819 225 874 const.
260 809 311 874 97.
348 812 391 873 Ea
428 811 552 874 ratione
589 810 793 876 ‹lecturoruut
816 809 913 880 ctiam
964 803 1078 874 cedere
1102 803 1297 882 nequitnisi
1319 811 1391 882 post
1422 804 1602 867 solemnem
1626 802 1762 866 alterius

113 912 363 976 matrimonium
388 912 507 975 initum
522 911 712 987 subsistere,
732 911 806 974 lieet
825 918 914 990 post·
966 903 1223 985 professionum
1253 921 1325 968 nam
1363 903 1528 985 siconjus
1554 901 1707 982 probatus
1738 917 1756 964 a

113 1029 155 1074 ca
190 1012 425 1092 coulperlretur
461 1020 584 1091 partam
612 1009 775 1082 infidelem
809 1008 914 1074 luisse
966 1005 1128 1086 religione
1143 1021 1177 1068 se
1193 1004 1361 1068 retraxerit
1376 1005 1416 1068 ad
1448 1011 1645 1084 campartem
1672 1000 1763 1064 illico

115 1111 267 1200 legitime
304 1129 322 1175 a
355 1111 581 1190 respondendo
619 1110 819 1192 impertitam,
848 1108 914 1172 iuro
965 1121 1108 1170 remeare
1126 1106 1301 1171 tenebitur.

113 1221 148 1276 et
167 1211 270 1276 saeris
286 1213 459 1284 initiatam,
488 1212 567 1292 quia
591 1211 693 1276 sanuel
716 1210 911 1292 applicatum

115 1313 330 1392 priuilegium
348 1321 458 1393 postea
473 1330 600 1378 cessare
613 1329 677 1376 uon
700 1312 805 1375 debat.
824 1310 912 1373 tilii:

115 1414 242 1478 Saltem
260 1433 330 1477 cunr
344 1415 580 1495 dispensatione
605 1417 718 1476 cumuli
737 1413 911 1494 pontilicis.

115 1517 217 1580 llulti
240 1523 351 1595 piuant
367 1533 515 1582 eamnon
541 1516 676 1598 requiri.
712 1515 777 1578 Alii
807 1515 914 1594 roqui-

113 1629 209 1693 ruut,
231 1620 308 1702 quia
331 1618 450 1681 summi
481 1617 643 1698 pontilicis
669 1623 718 1680 est
753 1615 944 1682 declarare.

113 1722 328 1802 quandonam
342 1719 485 1801 obligare
516 1718 645 1782 desinat
669 1718 725 1800 jus
754 1717 914 1788 diuinum,

113 1823 210 1886 lluic
244 1821 413 1884 sententia
440 1819 576 1882 adhosit
617 1834 697 1881 sacr.
723 1833 832 1898 congr.
861 1833 913 1880 un.

114 1921 211 1984 ΜΞ.
230 1919 320 2004 (Vide
350 1923 472 1984 Busan.
499 1920 586 1992 lllV,
605 1920 650 1982 De
679 1917 791 1997 spnori.
809 1917 865 1980 liu.
884 1935 915 1982 rs

114 2021 189 2095 mi,
222 2039 253 2085 n.
270 2022 313 2096 3.)
342 2023 380 2083 lit
408 2019 478 2100 ipsc
506 2019 618 2081 statuit
650 2027 761 2098 postca
789 2025 824 2080 ut
857 2018 911 2080 lu·

113 2119 915 2202 terpellationonomitlereturabsouuuuotoritata

114 2223 241 2286 summi
260 2221 432 2302 pontilicis.
458 2221 606 2300 (constit.
624 2220 688 2298 38.)
707 2219 739 2282 Si
774 2219 915 2282 iulioolis

114 2322 348 2402 interpellatus
365 2336 471 2384 moras
485 2326 602 2394 nectat,
632 2319 827 2400 aliquandiu
855 2337 915 2384 sx-

114 2423 334 2504 spectandum
362 2423 425 2486 erit
441 2437 450 2496 ;
468 2420 524 2484 sesi
548 2420 659 2502 elapso
680 2421 821 2484 termino
839 2437 916 2484 con·

1003 1209 1059 1272 lV.
1079 1207 1495 1290 Societasconjugalis,seu
1512 1207 1757 1271 matrimonium

965 1319 1079 1384 ratum,
1096 1327 1161 1372 nou
1188 1319 1445 1374 consummatum
1463 1316 1567 1389 potest
1582 1309 1757 1389 pontilicis,

965 1413 1162 1495 specialibus
1212 1413 1246 1478 in
1285 1410 1537 1476 circumstantiis
1571 1418 1602 1473 et
1639 1410 1760 1482 causis,

965 1516 1211 1596 dispensatione
1244 1512 1394 1580 dissolri.
1415 1515 1489 1576 llroc
1522 1510 1689 1575 conclusio
1714 1519 1763 1574 est

964 1616 1196 1694 carta,exlere
1225 1616 1371 1680 unuuimi
1398 1614 1637 1678 canonistarum
1676 1615 1765 1676 sen?

965 1720 1089 1793 torrtia;
1120 1737 1162 1782 ax
1192 1717 1280 1799 praxi
1305 1718 1442 1796 repetita
1466 1724 1497 1778 et
1517 1717 1670 1778 continua
1700 1716 1758 1776 Ec·

964 1820 1083 1884 elusim.
1122 1822 1166 1882 Es
1194 1816 1426 1882 constitutione
1472 1813 1639 1878 Benedicti
1680 1815 1755 1877 xlv

965 1919 1024 1981 Dei
1044 1919 1259 1990 miseratione,
1288 1917 1321 1980 in
1338 1934 1401 1998 qua
1424 1919 1539 1979 monus
1563 1913 1761 1995 procedendi

968 2019 1187 2098 praescribitur,
1208 2018 1259 2080 lris
1288 2017 1395 2081 verbis
1419 2017 1488 2080 :Et
1515 2017 1664 2097 quoniam
1680 2032 1761 2095 saepe

966 2117 1055 2200 apud
1095 2117 1197 2180 sedern
1237 2119 1442 2200 apostolicam
1482 2136 1593 2198 preces
1633 2115 1761 2198 percipi

967 2219 1067 2284 solent
1081 2239 1141 2299 pro
1157 2220 1393 2300 dispensatione
1410 2219 1607 2283 rnalrs'rnonir'
1634 2218 1701 2280 rcts’
1730 2225 1761 2279 et

966 2322 1303 2384 ncnconsnmnscti....
1333 2319 1479 2382 Volumus
1505 2326 1535 2381 et
1577 2316 1759 2380 mandamus

966 2437 1001 2490 nt
1019 2425 1157 2506 supplan
1175 2425 1299 2521 lilrctlus
1315 2426 1405 2489 nobis
1424 2424 1474 2504 uel
1499 2425 1587 2487 lions.
1614 2422 1761 2504 pontifici

115 2538 237 2585 uersus
254 2521 371 2601 poterit
389 2519 530 2584 ulterius
561 2519 729 2601 progredi,
746 2519 823 2601 quia
852 2535 915 2582 utin
963 2537 1180 2608 prorumpere
1222 2527 1419 2602 exhibeatur,
1449 2527 1485 2588 in
1512 2543 1572 2606 quo
1602 2525 1696 2606 pleno
1731 2532 1762 2586 et

115 2622 220 2686 debet
236 2622 408 2703 privilegio
421 2638 482 2685 suo
502 2620 664 2684 frustrari.
698 2619 757 2696 (lta
779 2621 914 2694 Cancer,

116 2743 150 2790 n.
168 2727 223 2789 96.

156 2828 194 2890 si
207 2727 385 2891 citaremus
400 2825 507 2907 plures
523 2825 558 2889 iu
585 2824 775 2891 iulidelitats
799 2841 916 2890 uxores

116 2930 269 3002 habolam,
301 2929 412 3008 primm
441 2927 502 2992 soli
544 2926 763 3008 interpellatio
794 2933 843 2989 cst
871 2925 917 2989 ia·

966 2641 1136 2693 accurrate
1165 2631 1264 2692 totins
1293 2631 1373 2710 parts·
1402 2627 1758 2710 speciercontineotnr,

967 2747 1126 2810 causaque
1162 2747 1264 2791 omnes
1307 2731 1339 2791 in
1363 2747 1398 2790 eo
1438 2729 1662 2808 exprimantur
1694 2743 1779 2812 qnoess

966 2829 1007 2891 nd
1057 2829 1257 2892 obtinendum
1304 2831 1435 2907 petitum
1495 2829 1761 2909 dispensationem

966 2929 1139 2994 conducere
1178 2949 1268 3011 porse
1303 2951 1322 2991 c
1355 2931 1553 3010 supplicante
1581 2937 1760 3001 censentur,

115 3027 433 3111 clauumquiasola
469 3037 519 3092 est
549 3028 703 3110 legitima.
748 3028 915 3092 Matrimo-
966 3033 1104 3094 utllom.
1126 3031 1422 3113 pontifexcolrcto
1448 3039 1478 3092 ct
1507 3039 1631 3092 mature
1660 3031 1761 3092 consi·

116 3133 335 3195 niumautam
353 3128 625 3194 condissolritur
649 3128 708 3192 hac
734 3127 917 3208 interpolla-
965 3131 1074 3194 deroso
1090 3152 1193 3196 serum
1222 3133 1396 3196 deliberare
1422 3133 1524 3212 possit
1551 3151 1593 3193 on
1626 3132 1757 3210 petitio·

117 3234 222 3308 tione,
252 3250 311 3295 seu
337 3232 481 3310 negativa
520 3229 732 3308 responsione
759 3228 909 3309 conjugis
948 3253 1032 3296 ssern
1067 3234 1205 3317 rejiciat,
1244 3235 1293 3297 cel
1324 3236 1390 3317 ejus
1430 3252 1560 3296 eramen
1593 3234 1695 3296 alicui
1718 3251 1759 3291 es

116 3334 276 3408 infidelis,
291 3333 359 3396 iuro
374 3348 433 3396 nac
451 3332 522 3411 ipsa
543 3331 703 3392 sententia
716 3328 837 3410 judicis
852 3345 915 3409 qua
965 3335 1263 3414 conprepntionilrus
1278 3336 1464 3398 committat.

116 3436 333 3499 denuntiatur
357 3447 514 3497 corruerso
533 3433 619 3512 quod
637 3432 793 3512 potestati
818 3447 915 3496 noras
1006 3437 1104 3516 (Vide
1117 3438 1226 3500 Instit.
1236 3439 1309 3519 jur.
1325 3457 1410 3511 eom,
1427 3447 1549 3502 auctor.
1587 3441 1623 3502 ll.
1641 3439 1681 3500 de
1711 3439 1755 3500 li.

118 3537 254 3617 ltuplins
287 3535 473 3616 procedere,
503 3534 559 3596 sall
602 3533 736 3610 ipsamet
771 3530 913 3596 celebra·
966 3546 1042 3604 tom,
1063 3541 1104 3614 ll,
1136 3541 1269 3618 11⁸3..ss
1296 3539 1335 3602 ad
1363 3541 1414 3615 96,
1448 3557 1486 3603 ex
1518 3555 1584 3621 quo
1616 3555 1757 3618 tirassona

118 3640 212 3700 tione
228 3635 341 3700 barum
356 3635 557 3712 nuptiarum.
965 3646 1060 3720 caput
1087 3640 1285 3703 abreviatnm
1311 3641 1585 3720 transcripsimus,
1616 3640 1682 3704 lere
1716 3641 1756 3704 su

159 3739 220 3800 lll.
235 3737 405 3802 Societnis
422 3735 614 3813 conjugalis,
630 3751 690 3796 seu
720 3732 913 3796 matrimonii
966 3739 1126 3820 cornuin.)

118 3839 196 3910 rati,
213 3855 276 3901 non
292 3835 506 3900 consummati
524 3834 692 3898 uinculum
705 3851 762 3912 per
790 3832 912 3896 solem·
1285 3843 1459 3907 sepone-u,

118 3955 198 4001 uem
220 3937 389 4019 religionis
407 3935 645 4017 professionem
662 3934 797 3998 alterius
839 3949 916 4010 corr·
1005 3943 1159 4007 Exclusis
1183 3944 1216 4007 in
1233 3941 1293 4007 hoc
1323 3945 1425 4024 capite
1456 3950 1616 4007 eruuntur
1647 3943 1756 4023 pluras

114 4042 237 4120 jugum
261 4038 516 4118 dirimeretur
547 4037 634 4110 fider
666 4053 693 4098 o.
720 4036 841 4108 t'erusn,
869 4036 914 4096 De
966 4045 1056 4108 raldo
1095 4043 1244 4107 uolonum
1289 4043 1529 4119 corrclusioncs,
1571 4061 1644 4124 qua
1679 4051 1756 4107 sunt

117 4155 266 4201 convert·
286 4139 445 4219 conlisuri·
463 4161 472 4210 ;
488 4155 514 4199 0·
544 4137 598 4199 E&
624 4136 775 4216 publicos
803 4155 831 4198 ⁰·
861 4137 915 4197 Ex
966 4143 1756 4224 irumuubitircujuscuuquesacietatishumaua

113 4251 215 4320 porte
231 4251 297 4310 tus,
321 4239 393 4300 eon.
413 4238 449 4299 tlt
464 4246 495 4300 et
525 4235 668 4300 Tristem.
685 4236 818 4300 sessui
842 4253 911 4298 carr.
967 4243 1134 4323 principis,

119 4347 175 4406 52
205 4341 242 4404 St'
274 4341 345 4420 qitl's
364 4338 497 4402 cinnii
526 4338 763 4401 rrsulrt'mons'nnr
797 4345 912 4412 Militis,
1005 4349 1030 4410 1,
1054 4345 1196 4410 Soeietfls
1214 4344 1400 4408 humanam
1415 4345 1757 4424 genepeflbeosspefltp

120 4459 192 4504 uon
209 4448 456 4504 consummatum
481 4455 540 4518 per
553 4438 718 4502 solemnem
748 4438 913 4518 relicturis
965 4455 1022 4518 ess,
1038 4454 1068 4510 ar
1086 4454 1134 4509 cst
1153 4452 1273 4510 rrsrurae
1287 4445 1436 4508 humana
1454 4443 1646 4508 necessaria.
1662 4442 1754 4526 (Gan.

117 4541 351 4623 prolessiostenr
363 4534 497 4601 citerius
517 4539 686 4618 eoniupum
700 4557 764 4600 non
792 4538 911 4612 dirimi,
965 4567 996 4610 μ
1014 4549 1084 4614 No„
1096 4558 1142 4610 m
1159 4547 1439 4611 nopnmnnmimm
1451 4564 1516 4609 sess
1529 4543 1655 4627 selum.)
1682 4575 1686 4581 ·

119 4641 371 4720 antllrmw'li
1005 4648 1179 4715 thomiris
1218 4665 1295 4713 uero
1344 4648 1512 4720 lromipum
1553 4650 1692 4716 societas
1720 4649 1755 4714 iu

173 4740 317 4821 ideoque
355 4757 396 4805 ss
426 4757 494 4822 cap.
538 4741 591 4803 Ex
629 4739 770 4823 publico,
805 4742 911 4814 tillio·
966 4751 1111 4815 libertate
1143 4752 1353 4815 liumanarum
1384 4761 1594 4829 personarum
1630 4759 1755 4832 constet

120 4845 413 4908 l‘acrutaseluorum
435 4844 595 4907 meusium
636 4843 780 4925 suppetit
820 4846 913 4910 nouis
964 4849 1070 4931 quoad
1085 4851 1304 4916 initiationem
1320 4861 1352 4915 et
1385 4848 1638 4928 formatioueur;
1666 4853 1755 4932 quod

119 4944 328 5027 conjugibus,
346 4945 429 5010 intra
445 4947 814 5028 quoscorumquisque,
834 4945 915 5010 liber
964 4952 1146 5016 rerisscutur
1183 4951 1217 5016 in
1263 4953 1416 5017 societate
1460 4953 1638 5036 conjugali,
1681 4971 1785 5026 nam,

119 5065 139 5111 a
184 5045 293 5110 debito
332 5045 507 5127 conjugali,
537 5045 717 5109 deliberare
749 5055 853 5126 potest
873 5049 913 5110 sle
963 5055 1278 5118 rnetrimorsinnrnan
1300 5052 1379 5136 [cett
1402 5058 1503 5118 caitus
1525 5055 1581 5118 aas
1605 5053 1755 5120 coluntur

123 5146 264 5210 transitu
287 5147 327 5210 ul
348 5145 550 5225 religionem,
569 5145 720 5226 illincque
745 5145 914 5211 transitum
964 5153 1000 5216 c.
1041 5152 1285 5216 Matrimonium
1313 5157 1343 5226 1,
1369 5171 1463 5218 causa
1495 5155 1546 5229 27,
1568 5165 1683 5238 quast.
1704 5153 1752 5236 2.)

117 5248 153 5314 si
175 5246 253 5310 lruic
267 5247 401 5320 steterit,
428 5247 566 5327 operari.
607 5247 723 5327 Elapso
753 5261 828 5312 cero
856 5247 914 5312 illo
965 5255 1007 5315 m
1023 5253 1109 5315 setus
1135 5269 1242 5316 eorum
1258 5269 1428 5314 consensus
1449 5253 1486 5314 rte
1512 5271 1647 5334 prior-nm
1675 5269 1754 5316 ecn-

124 5351 273 5413 bimestri
290 5351 521 5431 tempore.jam
549 5367 663 5413 eorurn
698 5350 780 5414 nulli
828 5351 913 5426 licat,
958 5351 1180 5434 junctionibus
1215 5350 1335 5429 opit-ur,
1363 5351 1419 5430 qul
1448 5369 1630 5428 consensus,
1657 5352 1686 5417 ss'
1709 5353 1755 5414 u‘ss

123 5450 405 5522 alioreclamaute,
418 5450 611 5514 solutionem
627 5452 727 5516 debiti
737 5453 914 5534 conjugalis
965 5454 1088 5533 nuptiis
1107 5453 1194 5514 sotus
1208 5453 1291 5534 forto
1322 5447 1471 5532 defuerit,
1511 5462 1623 5515 eutero
1649 5457 1756 5517 omnin

127 5552 373 5631 procrastinare,
404 5550 552 5634 quamuis
583 5562 686 5618 tamen
716 5555 743 5617 si
772 5555 914 5620 nondum
966 5556 1058 5617 etiam
1074 5571 1143 5616 cum
1160 5555 1231 5634 ipso
1252 5551 1337 5616 coitu
1363 5552 1519 5615 crlclrctc
1538 5555 1752 5634 frustrantur.

124 5655 226 5719 luerit
243 5653 445 5733 persolutum
471 5652 565 5717 licoat
593 5653 747 5720 adlrucarl
779 5655 913 5735 religio·
966 5653 1161 5735 musicum
1184 5655 1227 5728 ἒς
1252 5661 1314 5717 cte.
1340 5653 1449 5718 Omnis
1463 5672 1514 5716 rer
1545 5655 1575 5725 t,
1606 5653 1753 5737 eiusdem

126 5771 202 5818 uem
218 5755 356 5818 transire
377 5755 408 5817 in
426 5769 503 5817 casu
524 5770 589 5834 quo
618 5755 772 5829 alteruter
801 5757 915 5821 transit
966 5764 1112 5820 causaest
1141 5764 1255 5838 quun.
1281 5755 1323 5818 Et
1346 5755 1414 5818 solo
1434 5775 1588 5820 consensu
1614 5757 1753 5838 lepitinrc

127 5859 164 5919 ul
193 5853 385 5936 religionem
408 5853 646 5918 matrimonium
668 5873 732 5921 nou
765 5856 916 5924 dissolri·
968 5857 1464 5941 contraiitururotrimoninm(C.
1479 5857 1755 5932 Prrniroternitcti
