4004 6458
120 439 176 511 bii

116 562 154 624 ln
186 557 321 636 majores
350 557 508 634 expensas
542 573 598 636 pro
627 555 717 619 libris
748 555 903 636 liturgicis

116 654 361 738 comparandis3
378 657 622 735 pretereaadest
639 655 906 736 typographorum

114 759 202 840 iuris
225 755 485 838 aliquasiolatio.
501 757 591 820 Unde
615 758 758 836 exsurgit
772 758 905 820 dubium

115 859 201 921 satis
229 873 325 936 grase
360 863 397 920 ut
419 875 507 920 sacra
535 858 664 920 lilinum
703 857 906 935 congregatio

116 953 307 1018 consulatur
323 969 422 1034 super
450 951 504 1017 tali
528 952 740 1017 irrationabili
768 952 907 1029 denega·

114 1055 220 1120 tione.

156 1155 316 1216 Probatur
329 1154 400 1226 lll',
413 1153 518 1234 quoad
543 1153 738 1233 Poulipoula.
765 1185 804 1200 -
830 1149 907 1213 Cle·

115 1265 214 1312 mens
237 1249 325 1326 Vlll,
349 1251 436 1313 bulla
459 1252 511 1312 Ex
526 1271 600 1332 qua,
617 1251 670 1312 die
688 1253 726 1313 10
741 1247 905 1311 Februarii

116 1348 212 1418 1596,
228 1349 274 1413 sic
287 1349 399 1411 statuit
413 1367 421 1406 r
434 1349 474 1408 Et
492 1351 549 1411 bac
566 1358 708 1422 nostrrsm
723 1347 909 1428 Pantitl'ecle

114 1448 163 1506 sie
182 1449 367 1508 restitutum
382 1456 408 1510 et
419 1451 621 1531 reformatum
637 1448 820 1510 inomnibus
833 1447 907 1509 reni-

114 1546 203 1607 eersi
223 1555 381 1610 terrarum
415 1549 500 1610 orbis
530 1549 680 1622 ecelesiis,
697 1548 905 1620 monasteriis,

115 1645 301 1724 ordinibus,
331 1655 358 1709 et
388 1649 465 1710 locis
492 1651 583 1711 etiam
608 1652 767 1729 exemptis,
784 1649 813 1710 si
841 1667 909 1730 quse

114 1753 202 1814 sunt.
214 1747 318 1826 recipi
330 1757 357 1808 et
371 1749 529 1811 obseruari
540 1750 751 1829 praecipimus.
762 1751 908 1811 Statuer-

114 1854 162 1908 tss
188 1867 201 1906 .·
231 1847 420 1928 Poulipoula
448 1849 638 1930 preadictum
659 1851 748 1914 nullo
771 1869 908 1930 uuquam

114 1957 260 2024 tempore
283 1948 316 2009 in
330 1955 409 2021 tata,
426 1948 473 2008 cel
487 1949 517 2008 in
535 1957 625 2028 purte
650 1949 843 2020 mutandum,
860 1947 908 2010 oei

115 2046 143 2107 ei
172 2045 302 2126 aliquid
321 2045 505 2120 addendum,
529 2053 586 2108 unt
610 2049 733 2110 omnino
750 2048 909 2110 detrabeu·

115 2147 192 2207 dum
204 2165 329 2223 esse‚.ac
352 2167 550 2229 quascunque
568 2167 731 2228 personas,
748 2169 814 2232 qnae
829 2167 908 2229 pon·

115 2245 255 2325 sificalia
279 2265 404 2307 munem
424 2266 574 2320 exercere,
598 2249 646 2311 cet
671 2248 769 2320 alias,
793 2268 860 2329 quae
876 2251 909 2314 in

115 2347 202 2408 dicta
214 2348 396 2426 pontificali
411 2351 622 2419 continentur.
637 2353 738 2434 faeere
752 2360 807 2413 aut
823 2369 909 2414 euse-

115 2447 171 2525 qui
186 2445 312 2522 debent,
331 2447 372 2508 ad
386 2467 419 2509 ea
432 2450 606 2528 pernqenda
621 2460 649 2513 et
662 2451 851 2530 praestanda,
870 2471 909 2513 ror

114 2547 210 2624 liujus
235 2548 433 2628 Pontificalis
457 2554 645 2631 praescripto
673 2563 701 2614 et
716 2553 850 2626 ratione,
869 2561 910 2613 te·

114 2649 196 2721 neri,
211 2651 423 2730 neminemque
438 2671 477 2712 eu
492 2653 542 2726 iis,
561 2653 674 2733 quibus
684 2673 718 2714 ea
733 2653 908 2728 coercendi,

115 2755 143 2810 st
157 2750 304 2830 faciendi
333 2769 444 2812 muniis
473 2753 655 2832 impositum
677 2762 733 2830 est,
760 2755 824 2816 nisi
841 2757 910 2838 sor·

115 2847 227 2922 mulis,
254 2865 321 2928 quo
333 2847 391 2910 boe
406 2851 476 2927 ipsa
499 2849 683 2930 Pausistrati
697 2853 907 2928 continentur,

116 2949 257 3009 serratis
284 2949 462 3030 satisfacere
484 2969 585 3030 passe.
607 2954 644 3013 Et
663 2959 774 3015 caetara
801 2954 909 3016 omnin

116 3048 318 3111 rontinentia
334 3049 473 3112 abolevit
488 3067 524 3114 ao
541 3055 731 3132 suppressit.

155 3149 309 3212 Urbanus
323 3150 656 3228 lllll,bullaQeameis
670 3153 761 3228 alias,
777 3155 909 3220 niuali

118 3249 211 3327 tuit,
241 3251 423 3314 Pontificale
440 3252 638 3331 recognitum
656 3260 686 3318 et
705 3255 908 3319 emendatum

116 3354 264 3431 imprimi
306 3353 415 3434 jussit.
455 3354 671 3434 Praecepitque
710 3357 797 3436 quod
829 3357 909 3420 illud

117 3452 910 3534 cxeurplar‚aquiposthacpontliicalellomanum

117 3553 346 3633 impresserint
367 3555 459 3633 sequi
483 3569 596 3616 omnes
625 3560 805 3628 teneantur,
836 3571 909 3617 cum

117 3655 240 3730 iisdem
255 3656 448 3736 proscriptis
468 3656 636 3718 servandis
652 3658 779 3734 subque
797 3656 909 3718 iisdem

119 3756 227 3836 poenis
245 3761 276 3818 et
292 3754 437 3818 censuris
452 3772 553 3834 acpro
569 3755 690 3818 Missuli
704 3764 734 3820 et
748 3755 911 3819 Breviorio

118 3857 327 3920 incurrendis
343 3863 406 3919 tam
425 3874 441 3919 a
459 3859 662 3939 typographis
686 3875 781 3940 quam
798 3857 838 3920 ab
855 3874 909 3922 or-

118 3957 259 4020 dinariis
274 3957 585 4022 contrafacientibus.

408 443 505 507 Palis
523 445 573 510 tv.
592 447 642 509 DE
660 445 800 510 REBUS.
813 469 848 484 -
861 445 934 509 titt.
958 445 1013 508 Xl.
1033 447 1082 510 DE
1106 445 1204 509 tutta
1224 445 1451 508 LlTllRGlCO.

1692 443 1744 508 tta

959 557 1131 636 descriptos
1145 555 1286 632 babeant,
1303 575 1428 638 eumque
1445 556 1509 619 silis
1527 557 1628 620 laeum
1653 570 1745 638 atque

960 656 1097 718 orditum
1116 655 1270 732 tribuant,
1286 658 1343 738 qui
1369 657 1489 736 requlis
1511 659 1561 720 bic
1579 657 1745 737 descriptis

958 757 1150 820 traditan...
1182 758 1291 820 baram
1315 759 1455 821 Romae...
1483 757 1532 820 lie
1552 757 1743 821 lblanuarii
1818 814 1822 824 .

959 855 1048 918 istit.
1074 857 1226 918 Praeterea
1259 873 1346 920 sacra
1376 857 1507 920 llituurn
1540 859 1744 938 congregatio

958 951 1010 1014 die
1039 952 1078 1014 30
1105 953 1182 1016 tutti
1212 954 1322 1014 toto«
1347 955 1516 1020 declararit
1536 957 1624 1038 juxta
1654 975 1745 1019 men-

958 1057 1021 1114 tera
1053 1060 1084 1114 et
1118 1053 1352 1118 ordinationem
1389 1058 1588 1121 sanctissimi¹
1622 1057 1745 1121 domini
1794 1079 1800 1088 ¹

959 1153 1058 1214 nostri
1073 1153 1214 1232 capanna
1225 1153 1457 1236 Martpral'oqic
1470 1159 1606 1219 Romana
1619 1158 1655 1218 de
1666 1177 1745 1220 novo

958 1251 1162 1330 imprimendo
1190 1251 1346 1314 addendas
1372 1275 1433 1316 esse
1448 1267 1573 1319 sanctos
1594 1257 1747 1318 illasion-

958 1357 1034 1423 tum‚
1053 1348 1107 1431 qui
1117 1352 1247 1430 suerunt
1276 1356 1468 1428 canonizati,
1492 1375 1554 1416 non
1570 1365 1670 1417 autem
1691 1357 1748 1436 qui

959 1451 1111 1514 declarati
1124 1453 1243 1534 scierint
1267 1453 1356 1514 Beati
1369 1465 1441 1534 past
1459 1455 1599 1518 ultimam
1615 1458 1745 1536 impres-

958 1551 1074 1612 sionem
1087 1551 1519 1632 dictibdnrtprol'oqii.Nunc
1535 1573 1609 1618 vero
1626 1557 1743 1620 ilerum

959 1651 1068 1715 eadem
1093 1669 1180 1716 sacra
1207 1654 1336 1716 liituum
1354 1655 1557 1733 congregatio
1578 1655 1688 1734 jussit,
1711 1664 1746 1716 nt
1802 1641 1805 1646 ’

958 1761 1097 1816 armetur
1109 1755 1144 1814 in
1156 1764 1316 1834 pasterum
1328 1754 1515 1834 pradictum
1527 1754 1693 1829 decretum,
1711 1755 1748 1816 rie

958 1869 1021 1912 nan
1035 1852 1228 1932 opponendis
1244 1854 1276 1913 in
1286 1853 1748 1933 Martyroloqiollornnna‚nisi

959 1953 1076 2014 sanctis
1087 1954 1295 2015 canonizatis.
1311 1955 1348 2014 lit
1363 1953 1404 2014 ita
1421 1954 1561 2017 ‹lecrevit
1577 1965 1608 2016 et
1626 1955 1747 2017 serrari

960 2053 1131 2129 mandavit,
1147 2055 1199 2116 dle
1214 2055 1250 2116 31
1266 2053 1400 2132 uergant
1413 2057 1501 2118 1680.
1518 2057 1586 2119 Hoc
1599 2056 1749 2135 generale

960 2156 1125 2218 decretum
1165 2156 1324 2235 reperitur
1362 2157 1445 2235 apud
1484 2157 1678 2231 Gardellini,
1716 2163 1750 2218 u'

959 2257 1051 2319 utus.

1000 2359 1141 2422 Tandem
1168 2360 1432 2438 Martyrologium
1456 2363 1634 2423 Romanurn
1653 2377 1671 2424 a
1691 2361 1750 2424 lle·

960 2457 1089 2521 aedicto
1115 2461 1189 2520 xlv
1213 2461 1274 2523 luit
1291 2470 1482 2535 correctum,
1511 2468 1543 2525 et
1558 2478 1630 2524 cum
1647 2460 1746 2523 torma

960 2559 1000 2620 ab
1014 2559 1082 2638 ipso
1095 2561 1307 2623 determinata
1325 2563 1543 2640 praescriptum
1559 2583 1567 2635 ;
1582 2560 1626 2624 ita
1638 2569 1672 2624 ut
1682 2560 1749 2639 jam

962 2675 1025 2722 non
1053 2659 1144 2723 liceat
1164 2661 1402 2740 antiquioribus
1418 2661 1569 2724 Romanis
1591 2661 1748 2740 Martyro-

962 2757 1056 2836 logiis
1086 2759 1118 2820 in
1147 2760 1245 2822 charo
1268 2761 1404 2835 uti;sed
1440 2761 1575 2824 debeant
1603 2759 1748 2823 adhiberi

962 2857 1156 2937 exemplaria
1171 2867 1320 2922 correctos
1342 2859 1504 2924 Benedicti
1522 2859 1597 2922 ΧΠ
1616 2858 1755 2923 editioni

963 2956 1153 3020 conformia.

1001 3057 1156 3122 Probatur
1172 3059 1489 3139 V’,quoad·1lituale
1507 3063 1690 3124 Romanurn.
1711 3093 1748 3110 -

961 3157 1061 3220 Breve
1077 3158 1164 3220 Pauli
1179 3160 1204 3220 V
1219 3159 1346 3223 Rituate
1360 3161 1751 3239 Romanumpablieantis

963 3259 1009 3320 sic
1025 3259 1119 3320 habet
1134 3277 1142 3316 s
1157 3259 1306 3321 Restabat
1322 3269 1357 3320 nt
1386 3279 1448 3322 uno
1477 3262 1571 3324 etiam
1595 3260 1752 3322 columine

963 3359 1175 3438 comprobensi
1189 3361 1273 3424 sacri
1289 3369 1316 3422 et
1327 3361 1444 3424 sinceri
1455 3361 1601 3424 Ecclesia
1614 3362 1750 3427 ratboli-

962 3475 1003 3520 aa
1033 3459 1133 3532 eitun
1161 3459 1215 3539 qui
1249 3459 1283 3520 in
1322 3471 1584 3522 sacramentorum
1613 3461 1750 3525 admini-

961 3559 1114 3620 stratione
1142 3558 1274 3638 aliisque
1302 3559 1518 3622 ecclesiasticis
1535 3562 1752 3641 [unctionibus

961 3661 1080 3721 serrari
1095 3659 1202 3721 debent
1217 3658 1306 3720 abiis
1322 3662 1377 3740 qui
1389 3678 1496 3721 curam
1507 3663 1683 3725 animarum
1700 3683 1751 3742 qe·

961 3768 1049 3835 runt,
1066 3758 1341 3837 apostolicaesedis
1364 3763 1553 3822 auctoritate
1564 3761 1750 3841 prodirent:

961 3859 1002 3922 ad
1027 3861 1121 3939 cnjm
1145 3859 1313 3921 uoluminis
1335 3861 1569 3941 praescriptum,
1598 3864 1633 3923 in
1663 3869 1752 3926 tanto

960 3957 1136 4020 Ilitualinm
1162 3956 1376 4033 multitudine,
1402 3977 1460 4019 sno
1488 3958 1539 4021 itti
1565 3960 1750 4036 ministeria,

158 4057 308 4119 Tandem
321 4057 604 4133 BenedictuleV,
615 4076 671 4138 per
683 4059 802 4122 bullam
810 4059 911 4135 Quum
962 4067 1107 4140 tanquam
1122 4059 1164 4120 ud
1178 4058 1336 4137 publicam
1358 4067 1385 4121 et
1403 4058 1598 4140 obsiqnnram
1611 4079 1752 4122 normam

118 4157 430 4231 ardentibbblartii
447 4161 524 4223 1752
539 4164 737 4240 supradictas
752 4166 911 4227 constitu·
961 4168 1164 4240 peraperent,·
1187 4159 1581 4241 unoqueacfideliductu
1616 4162 1752 4244 inoffen-

120 4260 230 4321 tionas
246 4258 689 4334 confirmauit,etP0ntilicale
705 4263 907 4327 emendatum
962 4280 995 4322 so
1022 4262 1100 4342 pede
1130 4261 1325 4324 ambularent
1351 4279 1420 4324 cum
1437 4281 1640 4328 consensu...
1668 4263 1753 4339 Qua·

118 4377 155 4422 sc
172 4359 367 4440 castigatum
381 4359 421 4422 de
435 4377 519 4422 noso
538 4361 648 4424 edidit.
955 4373 1092 4440 propter
1105 4361 1271 4423 bortamnr
1285 4361 1319 4422 in
1329 4362 1461 4423 domino
1481 4360 1672 4424 uenerabiles
1684 4363 1752 4443 [ra-

157 4461 319 4524 Probatur
346 4462 412 4534 lV·‚
427 4463 531 4543 quoad
560 4464 841 4546 Martyroloqinm.
871 4499 911 4514 -·
961 4471 1023 4524 tres
1039 4462 1530 4542 patriarchas,archiepiscopos,
1547 4463 1709 4541 episcopas
1723 4467 1751 4521 et

118 4561 298 4642 Gregorius
317 4561 392 4622 Xlll
410 4580 569 4640 persuum
595 4565 714 4628 bullam
736 4565 909 4628 Emendate
962 4563 1091 4625 dilectas
1101 4561 1185 4645 filios
1201 4563 1462 4636 aarumoicarios,
1479 4579 1597 4623 necnon
1614 4560 1750 4632 abbates,

118 4660 388 4740 blartp‘rologium
414 4662 596 4724 Romanum
618 4662 657 4724 ab
687 4662 758 4742 ipso
786 4662 908 4725 editum
961 4665 1115 4744 parcebas
1134 4665 1306 4737 uniuersos,
1322 4661 1436 4743 ubique
1451 4663 1591 4724 locorum
1605 4662 1753 4723 exsisten-

119 4759 351 4839 obligatorium
367 4759 441 4823 iecit
458 4775 514 4840 pro
533 4761 682 4824 unirer'sa
699 4763 841 4826 Ecclesia
857 4779 910 4825 ca·
962 4774 1017 4839 tes,
1035 4773 1062 4826 et
1077 4765 1158 4827 alios
1173 4763 1213 4825 ad
1238 4783 1315 4844 quas
1333 4773 1464 4844 spectat,
1485 4771 1521 4825 ut
1544 4766 1577 4825 in
1591 4771 1758 4844 posterum„

121 4860 398 4938 thelica,absque
413 4859 476 4922 ulla
490 4861 689 4939 exceptione,
706 4861 756 4924 bis
775 4861 909 4926 verbis:
962 4873 1109 4946 tanquam
1145 4865 1294 4927 Ecclesiae
1332 4866 1476 4926 Romanae
1514 4865 1588 4945 filit,
1618 4862 1756 4943 ejusdem

120 4957 310 5022 Maudamus
338 4959 439 5038 iqitus
460 4959 602 5020 omnibus
632 4959 835 5037 patriarebis,
859 4977 911 5022 ur·
962 4965 1107 5050 Ecclesiae
1123 4966 1260 5027 amnium
1278 4966 1389 5027 matris
1405 4963 1750 5044 etmaqistraauctori·

120 5060 342 5142 cbiepiscopis,
361 5061 526 5140 episcopis,
544 5059 719 5132 abbatibus,
735 5063 911 5142 tulerimus
962 5077 1024 5129 tate
1040 5067 1211 5128 constituta
1228 5066 1352 5128 Ilituali
1368 5069 1401 5127 in
1423 5067 1522 5126 sacris
1534 5065 1750 5146 [erectionibus

121 5162 273 5237 ecelesiis,
289 5164 501 5238 monasteriis,
516 5162 730 5236 conventibus,
743 5162 909 5225 ordinibus
962 5176 1113 5238 utantur,
1130 5175 1156 5228 et
1166 5169 1199 5228 in
1212 5185 1245 5228 re
1261 5168 1343 5229 tanti
1358 5161 1750 5246 mamenti‚quoecutltolica

120 5262 400 5326 sivesrccularibus
413 5266 477 5326 siae
499 5263 696 5343 requluribus
720 5263 909 5344 quibuscun·
961 5265 1110 5340 Ecclesia,
1136 5273 1163 5325 et
1179 5265 1216 5324 ab
1234 5284 1268 5325 ea
1283 5265 1436 5343 probatus
1458 5284 1533 5328 usess
1550 5262 1749 5343 antiquitatis

122 5383 180 5444 que
189 5367 358 5446 praesectis,
374 5367 448 5428 utin
459 5365 634 5444 peraqcnda
645 5365 751 5427 divina
769 5365 803 5427 in
815 5366 909 5426 ebore
962 5366 1086 5438 statuit,
1101 5365 1250 5427 inviolate
1261 5365 1434 5429 observent.

123 5467 242 5545 afficio,
265 5467 349 5528 oanni
376 5466 439 5528 alio
456 5465 690 5546 Martqraloqia
717 5464 911 5539 amato,boc
1002 5462 1098 5527 lnitiu
1124 5471 1231 5526 autern
1259 5463 1366 5542 ipsius
1394 5466 1526 5530 llontani
1542 5463 1675 5550 liitualis
1702 5461 1749 5522 sic

123 5574 245 5626 serratum
267 5577 379 5628 nostro
395 5565 635 5640 artantur,nnlln
651 5565 815 5643 readdita,
844 5583 911 5626 mu·
964 5564 1097 5626 babetur
1113 5581 1121 5621 s
1138 5563 1185 5625 tir·
1199 5582 1232 5624 ea
1256 5581 1334 5642 quoe,
1363 5583 1402 5626 erc
1425 5564 1563 5644 antiquis
1590 5562 1749 5625 catholicae

122 5666 911 5748 tatn,adempta.Siquasaliosbabuerintsanctos
963 5667 1109 5728 Ecclesia
1146 5667 1314 5739 institutis,
1345 5674 1377 5728 et
1396 5685 1556 5728 sacrarum
1585 5683 1748 5737 canceium,

124 5765 235 5828 insuia
251 5767 388 5830 eeclesiis
399 5776 454 5829 out
469 5765 545 5832 loris
558 5767 708 5831 celebrari
721 5767 844 5842 solitos,
861 5785 912 5827 ecs
962 5784 1210 5848 summorumque
1225 5769 1409 5850 pontificum
1427 5767 1556 5831 decretis
1580 5768 1617 5830 de
1641 5784 1750 5828 sacro·
1838 5759 1839 5762 ’

126 5863 633 5946 brbunclibrumnoninserant,
658 5869 712 5932 scd
742 5872 910 5949 separatim
965 5877 1135 5932 mentorum
1161 5869 1277 5932 ritibus
1306 5889 1341 5934 nc
1373 5873 1559 5935 ceremoniis
1589 5871 1644 5934 bac
1667 5866 1750 5930 libro
