<?xml version="1.0" encoding="UTF-8"?>
<!DOCTYPE html PUBLIC "-//W3C//DTD XHTML 1.0 Transitional//EN"
    "http://www.w3.org/TR/xhtml1/DTD/xhtml1-transitional.dtd">
<html xmlns="http://www.w3.org/1999/xhtml" xml:lang="en" lang="en">
 <head>
  <title>
</title>
<meta http-equiv="Content-Type" content="text/html;charset=utf-8" />
  <meta name='ocr-system' content='tesseract 3.04.00' />
  <meta name='ocr-capabilities' content='ocr_page ocr_carea ocr_par ocr_line ocrx_word'/>
</head>
<body>
  <div class='ocr_page' id='page_1' title='image "./juriscanoniciun01maupgoog/juriscanoniciun01maupgoog_0483.png"; bbox 0 0 4098 6448; ppageno 0'>
   <div class='ocr_carea' id='block_1_1' title="bbox 298 381 2028 462">
    <p class='ocr_par' dir='ltr' id='par_1_1' title="bbox 298 381 2028 462">
     <span class='ocr_line' id='line_1_1' title="bbox 298 381 2028 462; baseline -0.003 0"><span class='ocrx_word' id='word_1_1' title='bbox 298 389 351 462; x_wconf 68' lang='grc'><strong>951</strong></span> <span class='ocrx_word' id='word_1_2' title='bbox 808 393 923 460; x_wconf 77' lang='lat' dir='ltr'><strong>lueis</strong></span> <span class='ocrx_word' id='word_1_3' title='bbox 938 391 1119 458; x_wconf 75' lang='lat' dir='ltr'><strong>canonici</strong></span> <span class='ocrx_word' id='word_1_4' title='bbox 1132 390 1398 456; x_wconf 79' lang='lat' dir='ltr'><strong>couebnnldu.</strong></span> <span class='ocrx_word' id='word_1_5' title='bbox 1870 395 1925 462; x_wconf 79' lang='lat' dir='ltr'><strong>tol</strong></span> <span class='ocrx_word' id='word_1_6' title='bbox 2027 381 2028 456; x_wconf 81' lang='lat'>?</span> 
     </span>
    </p>
   </div>
   <div class='ocr_carea' id='block_1_2' title="bbox 296 497 1929 784">
    <p class='ocr_par' dir='ltr' id='par_1_2' title="bbox 296 497 1929 784">
     <span class='ocr_line' id='line_1_2' title="bbox 297 497 1928 586; baseline 0.004 -19"><span class='ocrx_word' id='word_1_7' title='bbox 297 500 495 567; x_wconf 70' lang='lat' dir='ltr'><strong>matrimonii</strong></span> <span class='ocrx_word' id='word_1_8' title='bbox 527 503 559 566; x_wconf 89' lang='lat' dir='ltr'><strong>el</strong></span> <span class='ocrx_word' id='word_1_9' title='bbox 594 513 694 562; x_wconf 88' lang='lat' dir='ltr'><strong>noras</strong></span> <span class='ocrx_word' id='word_1_10' title='bbox 724 497 897 564; x_wconf 86' lang='lat' dir='ltr'><strong>celebratas</strong></span> <span class='ocrx_word' id='word_1_11' title='bbox 939 501 1082 582; x_wconf 77' lang='lat' dir='ltr'><strong>nuptias,</strong></span> <span class='ocrx_word' id='word_1_12' title='bbox 1175 498 1928 586; x_wconf 69' lang='lat' dir='ltr'><strong>vl.Qucadfeminarumordines,slapaturus</strong></span> 
     </span>
     <span class='ocr_line' id='line_1_3' title="bbox 297 597 1929 686; baseline 0.005 -19"><span class='ocrx_word' id='word_1_13' title='bbox 297 604 465 682; x_wconf 74' lang='lat' dir='ltr'><strong>detegetur</strong></span> <span class='ocrx_word' id='word_1_14' title='bbox 494 599 634 664; x_wconf 84' lang='lat' dir='ltr'><strong>validum</strong></span> <span class='ocrx_word' id='word_1_15' title='bbox 665 597 768 663; x_wconf 90' lang='lat' dir='ltr'><strong>fuisse</strong></span> <span class='ocrx_word' id='word_1_16' title='bbox 798 601 937 682; x_wconf 89' lang='lat' dir='ltr'><strong>primum</strong></span> <span class='ocrx_word' id='word_1_17' title='bbox 972 601 1083 665; x_wconf 90' lang='lat' dir='ltr'><strong>matri·</strong></span> <span class='ocrx_word' id='word_1_18' title='bbox 1136 601 1332 666; x_wconf 76' lang='lat' dir='ltr'><strong>monialibus</strong></span> <span class='ocrx_word' id='word_1_19' title='bbox 1363 599 1528 666; x_wconf 89' lang='lat' dir='ltr'><strong>ordinario</strong></span> <span class='ocrx_word' id='word_1_20' title='bbox 1567 601 1629 668; x_wconf 89' lang='lat' dir='ltr'><strong>loci</strong></span> <span class='ocrx_word' id='word_1_21' title='bbox 1653 603 1822 686; x_wconf 75' lang='lat' dir='ltr'><strong>subiectis,</strong></span> <span class='ocrx_word' id='word_1_22' title='bbox 1855 615 1929 676; x_wconf 89' lang='lat' dir='ltr'><strong>lunc</strong></span> 
     </span>
     <span class='ocr_line' id='line_1_4' title="bbox 296 700 1927 784; baseline 0.006 -18"><span class='ocrx_word' id='word_1_23' title='bbox 296 703 454 780; x_wconf 89' lang='lat' dir='ltr'><strong>monium,</strong></span> <span class='ocrx_word' id='word_1_24' title='bbox 504 701 740 782; x_wconf 89' lang='lat' dir='ltr'><strong>pronuntianda</strong></span> <span class='ocrx_word' id='word_1_25' title='bbox 786 702 847 766; x_wconf 88' lang='lat' dir='ltr'><strong>erit</strong></span> <span class='ocrx_word' id='word_1_26' title='bbox 895 701 1084 782; x_wconf 88' lang='lat' dir='ltr'><strong>posterioris</strong></span> <span class='ocrx_word' id='word_1_27' title='bbox 1134 701 1225 768; x_wconf 85' lang='lat' dir='ltr'><strong>solus</strong></span> <span class='ocrx_word' id='word_1_28' title='bbox 1237 700 1605 784; x_wconf 87' lang='lat' dir='ltr'><strong>ordinariusjudieatde</strong></span> <span class='ocrx_word' id='word_1_29' title='bbox 1619 703 1822 783; x_wconf 88' lang='lat' dir='ltr'><strong>professione</strong></span> <span class='ocrx_word' id='word_1_30' title='bbox 1834 709 1927 775; x_wconf 89' lang='lat' dir='ltr'><strong>recla-</strong></span> 
     </span>
    </p>
   </div>
   <div class='ocr_carea' id='block_1_3' title="bbox 296 782 2029 884">
    <p class='ocr_par' dir='ltr' id='par_1_3' title="bbox 296 782 2029 884">
     <span class='ocr_line' id='line_1_5' title="bbox 296 782 2029 884; baseline 0.004 -17"><span class='ocrx_word' id='word_1_31' title='bbox 296 803 442 879; x_wconf 88' lang='lat' dir='ltr'><strong>nullitas,</strong></span> <span class='ocrx_word' id='word_1_32' title='bbox 464 808 497 867; x_wconf 91' lang='lat' dir='ltr'><strong>et</strong></span> <span class='ocrx_word' id='word_1_33' title='bbox 520 805 674 882; x_wconf 75' lang='lat' dir='ltr'><strong>conjuges</strong></span> <span class='ocrx_word' id='word_1_34' title='bbox 712 803 751 866; x_wconf 92' lang='lat' dir='ltr'><strong>ad</strong></span> <span class='ocrx_word' id='word_1_35' title='bbox 788 801 938 865; x_wconf 89' lang='lat' dir='ltr'><strong>standum</strong></span> <span class='ocrx_word' id='word_1_36' title='bbox 982 799 1084 883; x_wconf 79' lang='lat' dir='ltr'><strong>priori</strong></span> <span class='ocrx_word' id='word_1_37' title='bbox 1133 802 1743 884; x_wconf 86' lang='lat' dir='ltr'><strong>mentiamintraquiuquennium:si</strong></span> <span class='ocrx_word' id='word_1_38' title='bbox 1764 822 1842 870; x_wconf 88' lang='lat' dir='ltr'><strong>rero</strong></span> <span class='ocrx_word' id='word_1_39' title='bbox 1858 823 1927 872; x_wconf 91' lang='lat' dir='ltr'><strong>mo·</strong></span> <span class='ocrx_word' id='word_1_40' title='bbox 2028 782 2029 874; x_wconf 56' lang='lat' dir='ltr'><strong>l</strong></span> 
     </span>
    </p>
   </div>
   <div class='ocr_carea' id='block_1_4' title="bbox 292 898 1927 1282">
    <p class='ocr_par' dir='ltr' id='par_1_4' title="bbox 294 898 1924 984">
     <span class='ocr_line' id='line_1_6' title="bbox 294 898 1924 984; baseline 0.002 -15"><span class='ocrx_word' id='word_1_41' title='bbox 294 903 428 984; x_wconf 77' lang='lat' dir='ltr'><strong>cogendi</strong></span> <span class='ocrx_word' id='word_1_42' title='bbox 453 910 558 967; x_wconf 85' lang='lat' dir='ltr'><strong>erunt.</strong></span> <span class='ocrx_word' id='word_1_43' title='bbox 1132 898 1236 964; x_wconf 87' lang='lat' dir='ltr'><strong>nieles</strong></span> <span class='ocrx_word' id='word_1_44' title='bbox 1273 900 1468 980; x_wconf 73' lang='lat' dir='ltr'><strong>regularium</strong></span> <span class='ocrx_word' id='word_1_45' title='bbox 1505 900 1657 980; x_wconf 77' lang='lat' dir='ltr'><strong>regimini</strong></span> <span class='ocrx_word' id='word_1_46' title='bbox 1686 901 1832 980; x_wconf 89' lang='lat' dir='ltr'><strong>subsint,</strong></span> <span class='ocrx_word' id='word_1_47' title='bbox 1848 913 1924 972; x_wconf 87' lang='lat' dir='ltr'><strong>tuna</strong></span> 
     </span>
    </p>

    <p class='ocr_par' dir='ltr' id='par_1_5' title="bbox 292 999 1927 1282">
     <span class='ocr_line' id='line_1_7' title="bbox 332 999 1927 1083; baseline 0.003 -17"><span class='ocrx_word' id='word_1_48' title='bbox 332 1005 363 1066; x_wconf 82' lang='lat'><strong>3.</strong></span> <span class='ocrx_word' id='word_1_49' title='bbox 383 1002 541 1066; x_wconf 83' lang='lat' dir='ltr'><strong>Solarium</strong></span> <span class='ocrx_word' id='word_1_50' title='bbox 567 1001 720 1083; x_wconf 73' lang='lat' dir='ltr'><strong>defensori</strong></span> <span class='ocrx_word' id='word_1_51' title='bbox 734 1003 1004 1066; x_wconf 83' lang='lat' dir='ltr'><strong>matrimoniorum</strong></span> <span class='ocrx_word' id='word_1_52' title='bbox 1015 1003 1083 1064; x_wconf 82' lang='lat' dir='ltr'><strong>rol·</strong></span> <span class='ocrx_word' id='word_1_53' title='bbox 1132 999 1317 1082; x_wconf 85' lang='lat' dir='ltr'><strong>hujusmodi</strong></span> <span class='ocrx_word' id='word_1_54' title='bbox 1337 1017 1441 1064; x_wconf 80' lang='lat' dir='ltr'><strong>causae</strong></span> <span class='ocrx_word' id='word_1_55' title='bbox 1460 1000 1643 1080; x_wconf 75' lang='lat' dir='ltr'><strong>judicanda)</strong></span> <span class='ocrx_word' id='word_1_56' title='bbox 1668 1011 1746 1067; x_wconf 87' lang='lat' dir='ltr'><strong>sunt</strong></span> <span class='ocrx_word' id='word_1_57' title='bbox 1767 1005 1808 1068; x_wconf 88' lang='lat' dir='ltr'><strong>ab</strong></span> <span class='ocrx_word' id='word_1_58' title='bbox 1837 1005 1927 1070; x_wconf 83' lang='lat' dir='ltr'><strong>crdi-</strong></span> 
     </span>
     <span class='ocr_line' id='line_1_8' title="bbox 292 1098 1924 1183; baseline 0 -17"><span class='ocrx_word' id='word_1_59' title='bbox 292 1102 540 1167; x_wconf 84' lang='lat' dir='ltr'><strong>oendurnesteb</strong></span> <span class='ocrx_word' id='word_1_60' title='bbox 557 1121 593 1166; x_wconf 92' lang='lat' dir='ltr'><strong>ea</strong></span> <span class='ocrx_word' id='word_1_61' title='bbox 620 1109 721 1182; x_wconf 87' lang='lat' dir='ltr'><strong>parte,</strong></span> <span class='ocrx_word' id='word_1_62' title='bbox 746 1118 818 1182; x_wconf 81' lang='lat' dir='ltr'><strong>quae</strong></span> <span class='ocrx_word' id='word_1_63' title='bbox 845 1120 902 1183; x_wconf 94' lang='lat' dir='ltr'><strong>pro</strong></span> <span class='ocrx_word' id='word_1_64' title='bbox 919 1104 1081 1168; x_wconf 83' lang='lat' dir='ltr'><strong>validitate</strong></span> <span class='ocrx_word' id='word_1_65' title='bbox 1132 1098 1225 1162; x_wconf 87' lang='lat' dir='ltr'><strong>nario</strong></span> <span class='ocrx_word' id='word_1_66' title='bbox 1253 1098 1317 1163; x_wconf 86' lang='lat' dir='ltr'><strong>loci</strong></span> <span class='ocrx_word' id='word_1_67' title='bbox 1349 1098 1497 1163; x_wconf 89' lang='lat' dir='ltr'><strong>simulet</strong></span> <span class='ocrx_word' id='word_1_68' title='bbox 1521 1117 1539 1163; x_wconf 94' lang='lat' dir='ltr'><strong>a</strong></span> <span class='ocrx_word' id='word_1_69' title='bbox 1568 1101 1737 1180; x_wconf 78' lang='lat' dir='ltr'><strong>superiore</strong></span> <span class='ocrx_word' id='word_1_70' title='bbox 1766 1105 1924 1182; x_wconf 72' lang='lat' dir='ltr'><strong>regulari:</strong></span> 
     </span>
     <span class='ocr_line' id='line_1_9' title="bbox 296 1198 1926 1282; baseline 0.001 -14"><span class='ocrx_word' id='word_1_71' title='bbox 296 1203 492 1268; x_wconf 74' lang='lat' dir='ltr'><strong>matrimonii</strong></span> <span class='ocrx_word' id='word_1_72' title='bbox 525 1203 601 1282; x_wconf 76' lang='lat' dir='ltr'><strong>agit,</strong></span> <span class='ocrx_word' id='word_1_73' title='bbox 630 1201 659 1263; x_wconf 88' lang='lat' dir='ltr'><strong>si</strong></span> <span class='ocrx_word' id='word_1_74' title='bbox 687 1201 750 1280; x_wconf 88' lang='lat' dir='ltr'><strong>ipsi</strong></span> <span class='ocrx_word' id='word_1_75' title='bbox 787 1202 1001 1280; x_wconf 69' lang='lat' dir='ltr'><strong>incalescite</strong></span> <span class='ocrx_word' id='word_1_76' title='bbox 1029 1203 1082 1268; x_wconf 86' lang='lat' dir='ltr'><strong>sin</strong></span> <span class='ocrx_word' id='word_1_77' title='bbox 1131 1198 1172 1262; x_wconf 88' lang='lat' dir='ltr'><strong>ab</strong></span> <span class='ocrx_word' id='word_1_78' title='bbox 1196 1199 1418 1276; x_wconf 85' lang='lat' dir='ltr'><strong>conimirum,</strong></span> <span class='ocrx_word' id='word_1_79' title='bbox 1448 1201 1503 1263; x_wconf 89' lang='lat' dir='ltr'><strong>cui</strong></span> <span class='ocrx_word' id='word_1_80' title='bbox 1527 1199 1748 1266; x_wconf 87' lang='lat' dir='ltr'><strong>concreditum</strong></span> <span class='ocrx_word' id='word_1_81' title='bbox 1774 1211 1825 1268; x_wconf 90' lang='lat' dir='ltr'><strong>est</strong></span> <span class='ocrx_word' id='word_1_82' title='bbox 1855 1207 1926 1269; x_wconf 92' lang='lat' dir='ltr'><strong>nni·</strong></span> 
     </span>
    </p>
   </div>
   <div class='ocr_carea' id='block_1_5' title="bbox 294 1299 1925 1384">
    <p class='ocr_par' dir='ltr' id='par_1_6' title="bbox 294 1270 2030 1384">
     <span class='ocr_line' id='line_1_10' title="bbox 294 1299 1925 1384; baseline 0.002 -16"><span class='ocrx_word' id='word_1_83' title='bbox 294 1303 574 1384; x_wconf 86' lang='lat' dir='ltr'><strong>minus,ajudice</strong></span> <span class='ocrx_word' id='word_1_84' title='bbox 588 1301 886 1366; x_wconf 88' lang='lat' dir='ltr'><strong>subministrabitur</strong></span> <span class='ocrx_word' id='word_1_85' title='bbox 900 1305 1081 1368; x_wconf 82' lang='lat' dir='ltr'><strong>exmulolia</strong></span> <span class='ocrx_word' id='word_1_86' title='bbox 1131 1315 1261 1364; x_wconf 82' lang='lat' dir='ltr'><strong>versum</strong></span> <span class='ocrx_word' id='word_1_87' title='bbox 1291 1299 1480 1364; x_wconf 85' lang='lat' dir='ltr'><strong>monasterii</strong></span> <span class='ocrx_word' id='word_1_88' title='bbox 1507 1301 1666 1381; x_wconf 76' lang='lat' dir='ltr'><strong>regimen,</strong></span> <span class='ocrx_word' id='word_1_89' title='bbox 1696 1320 1764 1367; x_wconf 88' lang='lat' dir='ltr'><strong>non</strong></span> <span class='ocrx_word' id='word_1_90' title='bbox 1786 1313 1925 1372; x_wconf 88' lang='lat' dir='ltr'><strong>autema</strong></span> 
     </span>
    </p>
   </div>
   <div class='ocr_carea' id='block_1_6' title="bbox 287 1400 1924 1686">
    <p class='ocr_par' dir='ltr' id='par_1_7' title="bbox 287 1400 1924 1686">
     <span class='ocr_line' id='line_1_11' title="bbox 292 1400 1924 1488; baseline 0.001 -20"><span class='ocrx_word' id='word_1_91' title='bbox 292 1421 427 1469; x_wconf 86' lang='lat' dir='ltr'><strong>suorum</strong></span> <span class='ocrx_word' id='word_1_92' title='bbox 444 1404 665 1480; x_wconf 88' lang='lat' dir='ltr'><strong>tribunalium,</strong></span> <span class='ocrx_word' id='word_1_93' title='bbox 684 1404 732 1470; x_wconf 85' lang='lat' dir='ltr'><strong>vel</strong></span> <span class='ocrx_word' id='word_1_94' title='bbox 747 1421 785 1468; x_wconf 82' lang='lat' dir='ltr'><strong>ex</strong></span> <span class='ocrx_word' id='word_1_95' title='bbox 820 1404 956 1482; x_wconf 92' lang='lat' dir='ltr'><strong>pecunia</strong></span> <span class='ocrx_word' id='word_1_96' title='bbox 979 1402 1081 1467; x_wconf 88' lang='lat' dir='ltr'><strong>mulc-</strong></span> <span class='ocrx_word' id='word_1_97' title='bbox 1130 1400 1329 1465; x_wconf 86' lang='lat' dir='ltr'><strong>confessario</strong></span> <span class='ocrx_word' id='word_1_98' title='bbox 1371 1400 1513 1482; x_wconf 78' lang='lat' dir='ltr'><strong>regulari</strong></span> <span class='ocrx_word' id='word_1_99' title='bbox 1564 1403 1769 1469; x_wconf 90' lang='lat' dir='ltr'><strong>monialium.</strong></span> <span class='ocrx_word' id='word_1_100' title='bbox 1818 1404 1924 1488; x_wconf 80' lang='lat' dir='ltr'><strong>(null.</strong></span> 
     </span>
     <span class='ocr_line' id='line_1_12' title="bbox 293 1500 1396 1585; baseline -0.004 -18"><span class='ocrx_word' id='word_1_101' title='bbox 293 1511 398 1570; x_wconf 88' lang='lat' dir='ltr'><strong>larum</strong></span> <span class='ocrx_word' id='word_1_102' title='bbox 450 1505 539 1568; x_wconf 91' lang='lat' dir='ltr'><strong>itlius</strong></span> <span class='ocrx_word' id='word_1_103' title='bbox 576 1503 720 1585; x_wconf 84' lang='lat' dir='ltr'><strong>episcopi</strong></span> <span class='ocrx_word' id='word_1_104' title='bbox 757 1504 791 1566; x_wconf 91' lang='lat' dir='ltr'><strong>in</strong></span> <span class='ocrx_word' id='word_1_105' title='bbox 825 1503 918 1583; x_wconf 77' lang='lat' dir='ltr'><strong>qu‘us</strong></span> <span class='ocrx_word' id='word_1_106' title='bbox 947 1502 1079 1568; x_wconf 85' lang='lat' dir='ltr'><strong>dioecesi</strong></span> <span class='ocrx_word' id='word_1_107' title='bbox 1129 1501 1239 1567; x_wconf 64' lang='lat' dir='ltr'><strong>ciust·</strong></span> <span class='ocrx_word' id='word_1_108' title='bbox 1267 1500 1396 1584; x_wconf 83' lang='lat' dir='ltr'><strong>datam.)</strong></span> 
     </span>
     <span class='ocr_line' id='line_1_13' title="bbox 287 1602 1923 1686; baseline 0.002 -19"><span class='ocrx_word' id='word_1_109' title='bbox 287 1605 392 1686; x_wconf 84' lang='lat' dir='ltr'><strong>judex</strong></span> <span class='ocrx_word' id='word_1_110' title='bbox 408 1603 546 1685; x_wconf 87' lang='lat' dir='ltr'><strong>quilibet</strong></span> <span class='ocrx_word' id='word_1_111' title='bbox 554 1605 715 1685; x_wconf 88' lang='lat' dir='ltr'><strong>judicium</strong></span> <span class='ocrx_word' id='word_1_112' title='bbox 731 1605 906 1668; x_wconf 86' lang='lat' dir='ltr'><strong>exercebit.</strong></span> <span class='ocrx_word' id='word_1_113' title='bbox 1169 1603 1240 1668; x_wconf 89' lang='lat' dir='ltr'><strong>vll.</strong></span> <span class='ocrx_word' id='word_1_114' title='bbox 1259 1603 1437 1682; x_wconf 73' lang='lat' dir='ltr'><strong>negaturis,</strong></span> <span class='ocrx_word' id='word_1_115' title='bbox 1456 1619 1513 1684; x_wconf 89' lang='lat' dir='ltr'><strong>qur</strong></span> <span class='ocrx_word' id='word_1_116' title='bbox 1540 1602 1639 1668; x_wconf 91' lang='lat' dir='ltr'><strong>simul</strong></span> <span class='ocrx_word' id='word_1_117' title='bbox 1666 1621 1741 1670; x_wconf 88' lang='lat' dir='ltr'><strong>eum</strong></span> <span class='ocrx_word' id='word_1_118' title='bbox 1769 1605 1923 1686; x_wconf 86' lang='lat' dir='ltr'><strong>episeopo</strong></span> 
     </span>
    </p>
   </div>
   <div class='ocr_carea' id='block_1_7' title="bbox 292 1701 2031 1886">
    <p class='ocr_par' dir='ltr' id='par_1_8' title="bbox 292 1701 2031 1886">
     <span class='ocr_line' id='line_1_14' title="bbox 330 1701 2031 1792; baseline 0.001 -24"><span class='ocrx_word' id='word_1_119' title='bbox 330 1705 362 1769; x_wconf 82' lang='lat' dir='ltr'><strong>b.</strong></span> <span class='ocrx_word' id='word_1_120' title='bbox 387 1705 593 1770; x_wconf 81' lang='lat' dir='ltr'><strong>solucausc</strong></span> <span class='ocrx_word' id='word_1_121' title='bbox 617 1705 867 1769; x_wconf 73' lang='lat' dir='ltr'><strong>matrimoniales</strong></span> <span class='ocrx_word' id='word_1_122' title='bbox 895 1704 929 1768; x_wconf 92' lang='lat' dir='ltr'><strong>in</strong></span> <span class='ocrx_word' id='word_1_123' title='bbox 957 1705 1078 1788; x_wconf 92' lang='lat' dir='ltr'><strong>quibus</strong></span> <span class='ocrx_word' id='word_1_124' title='bbox 1130 1703 1441 1785; x_wconf 85' lang='lat' dir='ltr'><strong>estdejurejudex</strong></span> <span class='ocrx_word' id='word_1_125' title='bbox 1475 1701 1510 1766; x_wconf 92' lang='lat' dir='ltr'><strong>in</strong></span> <span class='ocrx_word' id='word_1_126' title='bbox 1539 1720 1635 1768; x_wconf 86' lang='lat' dir='ltr'><strong>eausa</strong></span> <span class='ocrx_word' id='word_1_127' title='bbox 1659 1703 1826 1770; x_wconf 85' lang='lat' dir='ltr'><strong>nullitatia</strong></span> <span class='ocrx_word' id='word_1_128' title='bbox 1856 1723 1925 1785; x_wconf 88' lang='lat' dir='ltr'><strong>pro·</strong></span> <span class='ocrx_word' id='word_1_129' title='bbox 2030 1760 2031 1792; x_wconf 59' lang='lat'><strong>,</strong></span> 
     </span>
     <span class='ocr_line' id='line_1_15' title="bbox 292 1799 2031 1886; baseline 0 -18"><span class='ocrx_word' id='word_1_130' title='bbox 292 1807 331 1868; x_wconf 91' lang='lat' dir='ltr'><strong>de</strong></span> <span class='ocrx_word' id='word_1_131' title='bbox 346 1806 453 1869; x_wconf 82' lang='lat' dir='ltr'><strong>valore</strong></span> <span class='ocrx_word' id='word_1_132' title='bbox 467 1805 517 1870; x_wconf 85' lang='lat' dir='ltr'><strong>ael</strong></span> <span class='ocrx_word' id='word_1_133' title='bbox 546 1804 693 1868; x_wconf 80' lang='lat' dir='ltr'><strong>nullitate</strong></span> <span class='ocrx_word' id='word_1_134' title='bbox 711 1805 864 1869; x_wconf 90' lang='lat' dir='ltr'><strong>contracti</strong></span> <span class='ocrx_word' id='word_1_135' title='bbox 882 1807 1078 1871; x_wconf 88' lang='lat' dir='ltr'><strong>matrimonii</strong></span> <span class='ocrx_word' id='word_1_136' title='bbox 1128 1801 1293 1882; x_wconf 89' lang='lat' dir='ltr'><strong>fessionis,</strong></span> <span class='ocrx_word' id='word_1_137' title='bbox 1310 1805 1423 1885; x_wconf 90' lang='lat' dir='ltr'><strong>nequit</strong></span> <span class='ocrx_word' id='word_1_138' title='bbox 1434 1803 1491 1885; x_wconf 86' lang='lat' dir='ltr'><strong>jus</strong></span> <span class='ocrx_word' id='word_1_139' title='bbox 1510 1820 1607 1868; x_wconf 86' lang='lat' dir='ltr'><strong>snum</strong></span> <span class='ocrx_word' id='word_1_140' title='bbox 1622 1805 1738 1868; x_wconf 87' lang='lat' dir='ltr'><strong>cedere</strong></span> <span class='ocrx_word' id='word_1_141' title='bbox 1766 1805 1924 1886; x_wconf 88' lang='lat' dir='ltr'><strong>episeopo</strong></span> <span class='ocrx_word' id='word_1_142' title='bbox 2030 1799 2031 1816; x_wconf 63' lang='lat'>¹</span> 
     </span>
    </p>
   </div>
   <div class='ocr_carea' id='block_1_8' title="bbox 285 1904 1926 2688">
    <p class='ocr_par' dir='ltr' id='par_1_9' title="bbox 290 1904 1926 1987">
     <span class='ocr_line' id='line_1_16' title="bbox 290 1904 1926 1987; baseline 0 -19"><span class='ocrx_word' id='word_1_143' title='bbox 290 1908 408 1985; x_wconf 70' lang='lat' dir='ltr'><strong>agitur,</strong></span> <span class='ocrx_word' id='word_1_144' title='bbox 424 1907 622 1985; x_wconf 77' lang='lat' dir='ltr'><strong>attinguntur</strong></span> <span class='ocrx_word' id='word_1_145' title='bbox 639 1904 766 1970; x_wconf 89' lang='lat' dir='ltr'><strong>constit.</strong></span> <span class='ocrx_word' id='word_1_146' title='bbox 790 1907 910 1971; x_wconf 88' lang='lat' dir='ltr'><strong>Beued.</strong></span> <span class='ocrx_word' id='word_1_147' title='bbox 928 1908 1002 1971; x_wconf 87' lang='lat' dir='ltr'><strong>xlv</strong></span> <span class='ocrx_word' id='word_1_148' title='bbox 1020 1909 1096 1974; x_wconf 81' lang='lat' dir='ltr'><strong>Dei·</strong></span> <span class='ocrx_word' id='word_1_149' title='bbox 1130 1921 1191 1970; x_wconf 88' lang='lat' dir='ltr'><strong>seu</strong></span> <span class='ocrx_word' id='word_1_150' title='bbox 1218 1906 1404 1986; x_wconf 87' lang='lat' dir='ltr'><strong>permittere</strong></span> <span class='ocrx_word' id='word_1_151' title='bbox 1430 1912 1465 1968; x_wconf 89' lang='lat' dir='ltr'><strong>ut</strong></span> <span class='ocrx_word' id='word_1_152' title='bbox 1491 1906 1520 1969; x_wconf 88' lang='lat' dir='ltr'><strong>is</strong></span> <span class='ocrx_word' id='word_1_153' title='bbox 1535 1908 1627 1970; x_wconf 87' lang='lat' dir='ltr'><strong>solus</strong></span> <span class='ocrx_word' id='word_1_154' title='bbox 1648 1906 1800 1987; x_wconf 86' lang='lat' dir='ltr'><strong>judicet;</strong></span> <span class='ocrx_word' id='word_1_155' title='bbox 1822 1913 1926 1984; x_wconf 90' lang='lat' dir='ltr'><strong>potest</strong></span> 
     </span>
    </p>

    <p class='ocr_par' dir='ltr' id='par_1_10' title="bbox 288 2003 1923 2084">
     <span class='ocr_line' id='line_1_17' title="bbox 288 2003 1923 2084; baseline 0.002 -18"><span class='ocrx_word' id='word_1_156' title='bbox 288 2006 498 2068; x_wconf 78' lang='lat' dir='ltr'><strong>miseratione.</strong></span> <span class='ocrx_word' id='word_1_157' title='bbox 526 2003 658 2067; x_wconf 75' lang='lat' dir='ltr'><strong>Gruterus</strong></span> <span class='ocrx_word' id='word_1_158' title='bbox 685 2021 790 2069; x_wconf 82' lang='lat' dir='ltr'><strong>eausae</strong></span> <span class='ocrx_word' id='word_1_159' title='bbox 827 2006 1078 2072; x_wconf 75' lang='lat' dir='ltr'><strong>matrimoniales</strong></span> <span class='ocrx_word' id='word_1_160' title='bbox 1129 2010 1237 2068; x_wconf 88' lang='lat' dir='ltr'><strong>temen</strong></span> <span class='ocrx_word' id='word_1_161' title='bbox 1269 2005 1404 2069; x_wconf 89' lang='lat' dir='ltr'><strong>alterum</strong></span> <span class='ocrx_word' id='word_1_162' title='bbox 1433 2005 1612 2084; x_wconf 81' lang='lat' dir='ltr'><strong>regularem</strong></span> <span class='ocrx_word' id='word_1_163' title='bbox 1639 2005 1704 2070; x_wconf 91' lang='lat' dir='ltr'><strong>sibi</strong></span> <span class='ocrx_word' id='word_1_164' title='bbox 1717 2005 1923 2070; x_wconf 85' lang='lat' dir='ltr'><strong>substituere</strong></span> 
     </span>
    </p>

    <p class='ocr_par' dir='ltr' id='par_1_11' title="bbox 286 2101 1499 2187">
     <span class='ocr_line' id='line_1_18' title="bbox 286 2101 1499 2187; baseline 0.002 -23"><span class='ocrx_word' id='word_1_165' title='bbox 286 2107 377 2187; x_wconf 78' lang='lat' dir='ltr'><strong>jurata</strong></span> <span class='ocrx_word' id='word_1_166' title='bbox 394 2122 537 2168; x_wconf 89' lang='lat' dir='ltr'><strong>normam</strong></span> <span class='ocrx_word' id='word_1_167' title='bbox 549 2105 632 2186; x_wconf 86' lang='lat' dir='ltr'><strong>juris</strong></span> <span class='ocrx_word' id='word_1_168' title='bbox 652 2106 847 2182; x_wconf 88' lang='lat' dir='ltr'><strong>communis,</strong></span> <span class='ocrx_word' id='word_1_169' title='bbox 870 2116 944 2171; x_wconf 89' lang='lat' dir='ltr'><strong>aule</strong></span> <span class='ocrx_word' id='word_1_170' title='bbox 978 2107 1079 2173; x_wconf 81' lang='lat' dir='ltr'><strong>liene-</strong></span> <span class='ocrx_word' id='word_1_171' title='bbox 1128 2117 1187 2166; x_wconf 84' lang='lat' dir='ltr'><strong>eeu</strong></span> <span class='ocrx_word' id='word_1_172' title='bbox 1204 2101 1364 2181; x_wconf 82' lang='lat' dir='ltr'><strong>delegare.</strong></span> <span class='ocrx_word' id='word_1_173' title='bbox 1381 2101 1499 2182; x_wconf 73' lang='lat' dir='ltr'><strong>(dota.)</strong></span> 
     </span>
    </p>

    <p class='ocr_par' dir='ltr' id='par_1_12' title="bbox 288 2202 1923 2289">
     <span class='ocr_line' id='line_1_19' title="bbox 288 2202 1923 2289; baseline -0.002 -20"><span class='ocrx_word' id='word_1_174' title='bbox 288 2207 408 2270; x_wconf 89' lang='lat' dir='ltr'><strong>dictum</strong></span> <span class='ocrx_word' id='word_1_175' title='bbox 458 2207 535 2270; x_wconf 77' lang='lat' dir='ltr'><strong>xlv</strong></span> <span class='ocrx_word' id='word_1_176' title='bbox 570 2207 721 2288; x_wconf 78' lang='lat' dir='ltr'><strong>vigentis,</strong></span> <span class='ocrx_word' id='word_1_177' title='bbox 755 2207 933 2272; x_wconf 89' lang='lat' dir='ltr'><strong>hodiedum</strong></span> <span class='ocrx_word' id='word_1_178' title='bbox 975 2225 1077 2289; x_wconf 85' lang='lat' dir='ltr'><strong>expe·</strong></span> <span class='ocrx_word' id='word_1_179' title='bbox 1168 2202 1559 2268; x_wconf 85' lang='lat' dir='ltr'><strong>Vlll.Siordinariuset</strong></span> <span class='ocrx_word' id='word_1_180' title='bbox 1590 2219 1741 2284; x_wconf 78' lang='lat' dir='ltr'><strong>superior</strong></span> <span class='ocrx_word' id='word_1_181' title='bbox 1766 2202 1923 2282; x_wconf 76' lang='lat' dir='ltr'><strong>regularis</strong></span> 
     </span>
    </p>

    <p class='ocr_par' dir='ltr' id='par_1_13' title="bbox 287 2299 1923 2487">
     <span class='ocr_line' id='line_1_20' title="bbox 287 2299 1923 2383; baseline -0.001 -15"><span class='ocrx_word' id='word_1_182' title='bbox 287 2307 413 2370; x_wconf 76' lang='lat' dir='ltr'><strong>diendo</strong></span> <span class='ocrx_word' id='word_1_183' title='bbox 429 2316 518 2370; x_wconf 83' lang='lat' dir='ltr'><strong>sunt·</strong></span> <span class='ocrx_word' id='word_1_184' title='bbox 1128 2299 1353 2382; x_wconf 89' lang='lat' dir='ltr'><strong>injudicando</strong></span> <span class='ocrx_word' id='word_1_185' title='bbox 1369 2301 1574 2378; x_wconf 87' lang='lat' dir='ltr'><strong>dissentiant,</strong></span> <span class='ocrx_word' id='word_1_186' title='bbox 1587 2322 1627 2367; x_wconf 86' lang='lat' dir='ltr'><strong>ex</strong></span> <span class='ocrx_word' id='word_1_187' title='bbox 1640 2303 1724 2368; x_wconf 86' lang='lat' dir='ltr'><strong>facto</strong></span> <span class='ocrx_word' id='word_1_188' title='bbox 1736 2304 1810 2383; x_wconf 85' lang='lat' dir='ltr'><strong>ipso</strong></span> <span class='ocrx_word' id='word_1_189' title='bbox 1829 2304 1923 2381; x_wconf 78' lang='lat' dir='ltr'><strong>buius</strong></span> 
     </span>
     <span class='ocr_line' id='line_1_21' title="bbox 325 2401 1922 2487; baseline 0.001 -21"><span class='ocrx_word' id='word_1_190' title='bbox 325 2405 373 2467; x_wconf 84' lang='lat' dir='ltr'><strong>ite</strong></span> <span class='ocrx_word' id='word_1_191' title='bbox 416 2421 512 2469; x_wconf 85' lang='lat' dir='ltr'><strong>eausa</strong></span> <span class='ocrx_word' id='word_1_192' title='bbox 566 2404 725 2469; x_wconf 86' lang='lat' dir='ltr'><strong>nullitatis</strong></span> <span class='ocrx_word' id='word_1_193' title='bbox 762 2420 803 2468; x_wconf 87' lang='lat' dir='ltr'><strong>cx</strong></span> <span class='ocrx_word' id='word_1_194' title='bbox 845 2405 1078 2484; x_wconf 90' lang='lat' dir='ltr'><strong>impedimento</strong></span> <span class='ocrx_word' id='word_1_195' title='bbox 1129 2401 1312 2482; x_wconf 83' lang='lat' dir='ltr'><strong>dissensus,</strong></span> <span class='ocrx_word' id='word_1_196' title='bbox 1335 2421 1431 2468; x_wconf 86' lang='lat' dir='ltr'><strong>causa</strong></span> <span class='ocrx_word' id='word_1_197' title='bbox 1463 2413 1607 2470; x_wconf 89' lang='lat' dir='ltr'><strong>remanet</strong></span> <span class='ocrx_word' id='word_1_198' title='bbox 1629 2405 1699 2470; x_wconf 87' lang='lat' dir='ltr'><strong>aedi</strong></span> <span class='ocrx_word' id='word_1_199' title='bbox 1735 2405 1922 2487; x_wconf 79' lang='lat' dir='ltr'><strong>apostolica</strong></span> 
     </span>
    </p>

    <p class='ocr_par' dir='ltr' id='par_1_14' title="bbox 285 2501 1433 2584">
     <span class='ocr_line' id='line_1_22' title="bbox 285 2501 1433 2584; baseline 0.001 -20"><span class='ocrx_word' id='word_1_200' title='bbox 285 2503 483 2584; x_wconf 85' lang='lat' dir='ltr'><strong>impotentiae</strong></span> <span class='ocrx_word' id='word_1_201' title='bbox 495 2502 646 2582; x_wconf 85' lang='lat' dir='ltr'><strong>specialia</strong></span> <span class='ocrx_word' id='word_1_202' title='bbox 676 2503 750 2565; x_wconf 85' lang='lat' dir='ltr'><strong>ride</strong></span> <span class='ocrx_word' id='word_1_203' title='bbox 773 2504 858 2582; x_wconf 92' lang='lat' dir='ltr'><strong>apud</strong></span> <span class='ocrx_word' id='word_1_204' title='bbox 881 2503 1075 2582; x_wconf 79' lang='lat' dir='ltr'><strong>Scbmalzgr.</strong></span> <span class='ocrx_word' id='word_1_205' title='bbox 1128 2501 1290 2565; x_wconf 84' lang='lat' dir='ltr'><strong>devoluta.</strong></span> <span class='ocrx_word' id='word_1_206' title='bbox 1309 2501 1433 2584; x_wconf 81' lang='lat' dir='ltr'><strong>(leid.)</strong></span> 
     </span>
    </p>

    <p class='ocr_par' dir='ltr' id='par_1_15' title="bbox 286 2602 1921 2688">
     <span class='ocr_line' id='line_1_23' title="bbox 286 2602 1921 2688; baseline 0.001 -19"><span class='ocrx_word' id='word_1_207' title='bbox 286 2605 319 2670; x_wconf 87' lang='lat' dir='ltr'><strong>iu</strong></span> <span class='ocrx_word' id='word_1_208' title='bbox 335 2605 383 2668; x_wconf 90' lang='lat' dir='ltr'><strong>lit.</strong></span> <span class='ocrx_word' id='word_1_209' title='bbox 409 2623 465 2680; x_wconf 80' lang='lat' dir='ltr'><strong>xv,</strong></span> <span class='ocrx_word' id='word_1_210' title='bbox 492 2604 548 2666; x_wconf 91' lang='lat' dir='ltr'><strong>lib.</strong></span> <span class='ocrx_word' id='word_1_211' title='bbox 571 2621 603 2667; x_wconf 85' lang='lat' dir='ltr'><strong>rr</strong></span> <span class='ocrx_word' id='word_1_212' title='bbox 630 2602 788 2667; x_wconf 84' lang='lat' dir='ltr'><strong>Decretul.</strong></span> <span class='ocrx_word' id='word_1_213' title='bbox 808 2622 840 2666; x_wconf 92' lang='lat' dir='ltr'><strong>n.</strong></span> <span class='ocrx_word' id='word_1_214' title='bbox 865 2604 905 2665; x_wconf 80' lang='lat' dir='ltr'><strong>oe</strong></span> <span class='ocrx_word' id='word_1_215' title='bbox 932 2610 963 2666; x_wconf 90' lang='lat' dir='ltr'><strong>et</strong></span> <span class='ocrx_word' id='word_1_216' title='bbox 991 2621 1075 2685; x_wconf 77' lang='lat' dir='ltr'><strong>seq..</strong></span> <span class='ocrx_word' id='word_1_217' title='bbox 1168 2606 1228 2668; x_wconf 86' lang='lat' dir='ltr'><strong>lii.</strong></span> <span class='ocrx_word' id='word_1_218' title='bbox 1244 2606 1276 2668; x_wconf 87' lang='lat' dir='ltr'><strong>Si</strong></span> <span class='ocrx_word' id='word_1_219' title='bbox 1290 2603 1451 2686; x_wconf 80' lang='lat' dir='ltr'><strong>professio</strong></span> <span class='ocrx_word' id='word_1_220' title='bbox 1470 2606 1556 2670; x_wconf 82' lang='lat' dir='ltr'><strong>nube</strong></span> <span class='ocrx_word' id='word_1_221' title='bbox 1578 2607 1810 2688; x_wconf 74' lang='lat' dir='ltr'><strong>protendatur,</strong></span> <span class='ocrx_word' id='word_1_222' title='bbox 1830 2623 1921 2673; x_wconf 83' lang='lat' dir='ltr'><strong>exeo</strong></span> 
     </span>
    </p>
   </div>
   <div class='ocr_carea' id='block_1_9' title="bbox 285 2701 2033 2787">
    <p class='ocr_par' dir='ltr' id='par_1_16' title="bbox 285 2701 2033 2787">
     <span class='ocr_line' id='line_1_24' title="bbox 285 2701 2033 2787; baseline 0 -19"><span class='ocrx_word' id='word_1_223' title='bbox 285 2703 424 2769; x_wconf 90' lang='lat' dir='ltr'><strong>etetiam</strong></span> <span class='ocrx_word' id='word_1_224' title='bbox 440 2705 478 2769; x_wconf 86' lang='grc' dir='ltr'><strong>Ι).</strong></span> <span class='ocrx_word' id='word_1_225' title='bbox 495 2701 825 2787; x_wconf 59' lang='lat' dir='ltr'><strong>scaturescentes,</strong></span> <span class='ocrx_word' id='word_1_226' title='bbox 841 2701 871 2783; x_wconf 84' lang='lat' dir='ltr'><strong>p.</strong></span> <span class='ocrx_word' id='word_1_227' title='bbox 888 2703 991 2768; x_wconf 83' lang='lat' dir='ltr'><strong>ttoet</strong></span> <span class='ocrx_word' id='word_1_228' title='bbox 1006 2719 1075 2784; x_wconf 85' lang='lat' dir='ltr'><strong>seq.</strong></span> <span class='ocrx_word' id='word_1_229' title='bbox 1127 2704 1215 2786; x_wconf 92' lang='lat' dir='ltr'><strong>quod</strong></span> <span class='ocrx_word' id='word_1_230' title='bbox 1255 2702 1338 2768; x_wconf 88' lang='lat' dir='ltr'><strong>facta</strong></span> <span class='ocrx_word' id='word_1_231' title='bbox 1372 2703 1472 2768; x_wconf 91' lang='lat' dir='ltr'><strong>fuerit</strong></span> <span class='ocrx_word' id='word_1_232' title='bbox 1500 2713 1587 2770; x_wconf 83' lang='lat' dir='ltr'><strong>extra</strong></span> <span class='ocrx_word' id='word_1_233' title='bbox 1616 2711 1801 2784; x_wconf 80' lang='lat' dir='ltr'><strong>omnobium</strong></span> <span class='ocrx_word' id='word_1_234' title='bbox 1825 2709 1919 2772; x_wconf 88' lang='lat' dir='ltr'><strong>insti·</strong></span> <span class='ocrx_word' id='word_1_235' title='bbox 2032 2736 2033 2768; x_wconf 69' lang='lat' dir='ltr'><strong>r</strong></span> 
     </span>
    </p>
   </div>
   <div class='ocr_carea' id='block_1_10' title="bbox 281 2798 1922 5199">
    <p class='ocr_par' dir='ltr' id='par_1_17' title="bbox 286 2798 1922 3096">
     <span class='ocr_line' id='line_1_25' title="bbox 325 2798 1921 2889; baseline 0.006 -27"><span class='ocrx_word' id='word_1_236' title='bbox 325 2798 445 2865; x_wconf 73' lang='lat' dir='ltr'><strong>Caetera</strong></span> <span class='ocrx_word' id='word_1_237' title='bbox 482 2800 522 2863; x_wconf 89' lang='lat' dir='ltr'><strong>de</strong></span> <span class='ocrx_word' id='word_1_238' title='bbox 563 2799 769 2864; x_wconf 90' lang='lat' dir='ltr'><strong>matrimonio</strong></span> <span class='ocrx_word' id='word_1_239' title='bbox 806 2801 1011 2864; x_wconf 79' lang='lat' dir='ltr'><strong>tractavimus</strong></span> <span class='ocrx_word' id='word_1_240' title='bbox 1040 2799 1075 2864; x_wconf 91' lang='lat' dir='ltr'><strong>in</strong></span> <span class='ocrx_word' id='word_1_241' title='bbox 1126 2805 1257 2870; x_wconf 90' lang='lat' dir='ltr'><strong>luendis</strong></span> <span class='ocrx_word' id='word_1_242' title='bbox 1279 2805 1413 2868; x_wconf 82' lang='lat' dir='ltr'><strong>novitiis</strong></span> <span class='ocrx_word' id='word_1_243' title='bbox 1429 2805 1624 2871; x_wconf 90' lang='lat' dir='ltr'><strong>destinatum</strong></span> <span class='ocrx_word' id='word_1_244' title='bbox 1653 2808 1775 2889; x_wconf 82' lang='lat' dir='ltr'><strong>(prout</strong></span> <span class='ocrx_word' id='word_1_245' title='bbox 1803 2809 1839 2872; x_wconf 92' lang='lat' dir='ltr'><strong>in</strong></span> <span class='ocrx_word' id='word_1_246' title='bbox 1862 2808 1921 2872; x_wconf 91' lang='lat' dir='ltr'><strong>boc</strong></span> 
     </span>
     <span class='ocr_line' id='line_1_26' title="bbox 286 2898 1922 2976; baseline 0.007 -16"><span class='ocrx_word' id='word_1_247' title='bbox 286 2899 468 2975; x_wconf 89' lang='lat' dir='ltr'><strong>suisloois,</strong></span> <span class='ocrx_word' id='word_1_248' title='bbox 492 2898 649 2964; x_wconf 85' lang='lat' dir='ltr'><strong>ubivide.</strong></span> <span class='ocrx_word' id='word_1_249' title='bbox 1126 2921 1202 2968; x_wconf 89' lang='lat' dir='ltr'><strong>casu</strong></span> <span class='ocrx_word' id='word_1_250' title='bbox 1234 2903 1355 2968; x_wconf 90' lang='lat' dir='ltr'><strong>nullam</strong></span> <span class='ocrx_word' id='word_1_251' title='bbox 1389 2902 1615 2972; x_wconf 83' lang='lat' dir='ltr'><strong>foredecrerit</strong></span> <span class='ocrx_word' id='word_1_252' title='bbox 1651 2909 1802 2976; x_wconf 86' lang='lat' dir='ltr'><strong>Clemens</strong></span> <span class='ocrx_word' id='word_1_253' title='bbox 1848 2910 1922 2973; x_wconf 86' lang='lat' dir='ltr'><strong>lllll</strong></span> 
     </span>
     <span class='ocr_line' id='line_1_27' title="bbox 287 3003 1919 3096; baseline 0.004 -16"><span class='ocrx_word' id='word_1_254' title='bbox 287 3021 368 3096; x_wconf 72' lang='lat' dir='ltr'><strong>sur.</strong></span> <span class='ocrx_word' id='word_1_255' title='bbox 390 3052 427 3067; x_wconf 93' lang='lat'><em>-</em></span> <span class='ocrx_word' id='word_1_256' title='bbox 452 3023 555 3081; x_wconf 66' lang='lat' dir='ltr'><strong>naama</strong></span> <span class='ocrx_word' id='word_1_257' title='bbox 582 3023 750 3095; x_wconf 83' lang='lat' dir='ltr'><strong>procedendi</strong></span> <span class='ocrx_word' id='word_1_258' title='bbox 775 3025 802 3079; x_wconf 77' lang='lat' dir='ltr'><strong>m</strong></span> <span class='ocrx_word' id='word_1_259' title='bbox 827 3025 920 3081; x_wconf 75' lang='lat' dir='ltr'><strong>ausu</strong></span> <span class='ocrx_word' id='word_1_260' title='bbox 941 3021 1075 3080; x_wconf 76' lang='lat' dir='ltr'><strong>nauum</strong></span> <span class='ocrx_word' id='word_1_261' title='bbox 1125 3003 1231 3085; x_wconf 65' lang='lat' dir='ltr'><strong>quicar</strong></span> <span class='ocrx_word' id='word_1_262' title='bbox 1272 3004 1445 3069; x_wconf 79' lang='lat' dir='ltr'><strong>nonnullas</strong></span> <span class='ocrx_word' id='word_1_263' title='bbox 1477 3007 1628 3082; x_wconf 73' lang='lat' dir='ltr'><strong>rosiones</strong></span> <span class='ocrx_word' id='word_1_264' title='bbox 1643 3009 1667 3089; x_wconf 77' lang='lat' dir='ltr'><strong>l.</strong></span> <span class='ocrx_word' id='word_1_265' title='bbox 1707 3012 1748 3073; x_wconf 76' lang='lat' dir='ltr'><strong>ad</strong></span> <span class='ocrx_word' id='word_1_266' title='bbox 1797 3027 1919 3074; x_wconf 75' lang='lat' dir='ltr'><strong>sacram</strong></span> 
     </span>
    </p>

    <p class='ocr_par' dir='ltr' id='par_1_18' title="bbox 507 3093 1919 3189">
     <span class='ocr_line' id='line_1_28' title="bbox 507 3093 1919 3189; baseline 0.004 -23"><span class='ocrx_word' id='word_1_267' title='bbox 507 3093 688 3166; x_wconf 83' lang='lat' dir='ltr'><strong>professionis</strong></span> <span class='ocrx_word' id='word_1_268' title='bbox 703 3095 848 3166; x_wconf 68' lang='lat' dir='ltr'><strong>religiosae.</strong></span> <span class='ocrx_word' id='word_1_269' title='bbox 1127 3120 1239 3182; x_wconf 82' lang='lat' dir='ltr'><strong>congr.</strong></span> <span class='ocrx_word' id='word_1_270' title='bbox 1270 3103 1394 3169; x_wconf 80' lang='lat' dir='ltr'><strong>Cornell.</strong></span> <span class='ocrx_word' id='word_1_271' title='bbox 1420 3121 1515 3170; x_wconf 88' lang='lat' dir='ltr'><strong>causa</strong></span> <span class='ocrx_word' id='word_1_272' title='bbox 1552 3097 1630 3173; x_wconf 84' lang='lat' dir='ltr'><strong>turre</strong></span> <span class='ocrx_word' id='word_1_273' title='bbox 1660 3107 1816 3189; x_wconf 76' lang='lat' dir='ltr'><strong>privative</strong></span> <span class='ocrx_word' id='word_1_274' title='bbox 1848 3126 1919 3188; x_wconf 89' lang='lat' dir='ltr'><strong>per·</strong></span> 
     </span>
    </p>

    <p class='ocr_par' dir='ltr' id='par_1_19' title="bbox 284 3201 1921 3699">
     <span class='ocr_line' id='line_1_29' title="bbox 324 3201 1355 3288; baseline -0.005 -18"><span class='ocrx_word' id='word_1_275' title='bbox 324 3207 362 3270; x_wconf 86' lang='lat' dir='ltr'><strong>ln</strong></span> <span class='ocrx_word' id='word_1_276' title='bbox 404 3207 592 3288; x_wconf 84' lang='lat' dir='ltr'><strong>hujusmodi</strong></span> <span class='ocrx_word' id='word_1_277' title='bbox 644 3207 749 3270; x_wconf 86' lang='lat' dir='ltr'><strong>oensis</strong></span> <span class='ocrx_word' id='word_1_278' title='bbox 786 3207 970 3288; x_wconf 78' lang='lat' dir='ltr'><strong>prescripta</strong></span> <span class='ocrx_word' id='word_1_279' title='bbox 1010 3207 1073 3271; x_wconf 89' lang='lat' dir='ltr'><strong>fuit</strong></span> <span class='ocrx_word' id='word_1_280' title='bbox 1124 3201 1355 3284; x_wconf 74' lang='lat' dir='ltr'><strong>tinetllbtd.)</strong></span> 
     </span>
     <span class='ocr_line' id='line_1_30' title="bbox 285 3304 1921 3390; baseline 0.003 -19"><span class='ocrx_word' id='word_1_281' title='bbox 285 3307 434 3390; x_wconf 84' lang='lat' dir='ltr'><strong>specialis</strong></span> <span class='ocrx_word' id='word_1_282' title='bbox 466 3307 659 3387; x_wconf 85' lang='lat' dir='ltr'><strong>procedendi</strong></span> <span class='ocrx_word' id='word_1_283' title='bbox 680 3305 782 3370; x_wconf 88' lang='lat' dir='ltr'><strong>forma</strong></span> <span class='ocrx_word' id='word_1_284' title='bbox 797 3325 893 3385; x_wconf 85' lang='lat' dir='ltr'><strong>quem</strong></span> <span class='ocrx_word' id='word_1_285' title='bbox 921 3308 1073 3386; x_wconf 86' lang='lat' dir='ltr'><strong>exposuit</strong></span> <span class='ocrx_word' id='word_1_286' title='bbox 1162 3304 1206 3367; x_wconf 87' lang='lat' dir='ltr'><strong>X.</strong></span> <span class='ocrx_word' id='word_1_287' title='bbox 1226 3305 1392 3384; x_wconf 75' lang='lat' dir='ltr'><strong>Regularis</strong></span> <span class='ocrx_word' id='word_1_288' title='bbox 1412 3307 1591 3373; x_wconf 90' lang='lat' dir='ltr'><strong>nullilalem</strong></span> <span class='ocrx_word' id='word_1_289' title='bbox 1612 3311 1829 3390; x_wconf 75' lang='lat' dir='ltr'><strong>professionis</strong></span> <span class='ocrx_word' id='word_1_290' title='bbox 1853 3328 1921 3376; x_wconf 83' lang='lat' dir='ltr'><strong>suan</strong></span> 
     </span>
     <span class='ocr_line' id='line_1_31' title="bbox 285 3407 1921 3491; baseline 0.004 -18"><span class='ocrx_word' id='word_1_291' title='bbox 285 3409 465 3474; x_wconf 83' lang='lat' dir='ltr'><strong>etsaneirit</strong></span> <span class='ocrx_word' id='word_1_292' title='bbox 507 3408 700 3473; x_wconf 86' lang='lat' dir='ltr'><strong>Benedictus</strong></span> <span class='ocrx_word' id='word_1_293' title='bbox 739 3409 824 3482; x_wconf 81' lang='lat' dir='ltr'><strong>lllv,</strong></span> <span class='ocrx_word' id='word_1_294' title='bbox 869 3409 998 3473; x_wconf 90' lang='lat' dir='ltr'><strong>constit.</strong></span> <span class='ocrx_word' id='word_1_295' title='bbox 1035 3410 1073 3474; x_wconf 83' lang='lat' dir='ltr'><strong>Si</strong></span> <span class='ocrx_word' id='word_1_296' title='bbox 1122 3407 1326 3488; x_wconf 81' lang='lat' dir='ltr'><strong>protendens</strong></span> <span class='ocrx_word' id='word_1_297' title='bbox 1343 3408 1526 3474; x_wconf 87' lang='lat' dir='ltr'><strong>audiendus</strong></span> <span class='ocrx_word' id='word_1_298' title='bbox 1542 3427 1609 3476; x_wconf 91' lang='lat' dir='ltr'><strong>non</strong></span> <span class='ocrx_word' id='word_1_299' title='bbox 1626 3420 1687 3491; x_wconf 87' lang='lat' dir='ltr'><strong>est,</strong></span> <span class='ocrx_word' id='word_1_300' title='bbox 1708 3415 1769 3478; x_wconf 85' lang='lat' dir='ltr'><strong>nisi</strong></span> <span class='ocrx_word' id='word_1_301' title='bbox 1794 3423 1921 3480; x_wconf 88' lang='lat' dir='ltr'><strong>constet</strong></span> 
     </span>
     <span class='ocr_line' id='line_1_32' title="bbox 284 3507 1919 3593; baseline 0.007 -23"><span class='ocrx_word' id='word_1_302' title='bbox 284 3507 390 3570; x_wconf 83' lang='lat' dir='ltr'><strong>datam</strong></span> <span class='ocrx_word' id='word_1_303' title='bbox 418 3507 748 3583; x_wconf 79' lang='lat' dir='ltr'><strong>lomioibor,lour.ll</strong></span> <span class='ocrx_word' id='word_1_304' title='bbox 786 3507 1069 3586; x_wconf 63' lang='lat' dir='ltr'><strong>sollariensem</strong></span> <span class='ocrx_word' id='word_1_305' title='bbox 1123 3523 1196 3572; x_wconf 90' lang='lat' dir='ltr'><strong>eum</strong></span> <span class='ocrx_word' id='word_1_306' title='bbox 1213 3509 1564 3593; x_wconf 78' lang='lat' dir='ltr'><strong>morariinreligionis</strong></span> <span class='ocrx_word' id='word_1_307' title='bbox 1597 3532 1665 3578; x_wconf 82' lang='lat' dir='ltr'><strong>suae</strong></span> <span class='ocrx_word' id='word_1_308' title='bbox 1690 3513 1858 3588; x_wconf 83' lang='lat' dir='ltr'><strong>claustris,</strong></span> <span class='ocrx_word' id='word_1_309' title='bbox 1887 3526 1919 3582; x_wconf 92' lang='lat' dir='ltr'><strong>et</strong></span> 
     </span>
     <span class='ocr_line' id='line_1_33' title="bbox 284 3607 1917 3699; baseline 0.008 -30"><span class='ocrx_word' id='word_1_310' title='bbox 284 3608 338 3670; x_wconf 77' lang='lat' dir='ltr'><strong>tl.</strong></span> <span class='ocrx_word' id='word_1_311' title='bbox 351 3607 443 3671; x_wconf 85' lang='lat' dir='ltr'><strong>Unde</strong></span> <span class='ocrx_word' id='word_1_312' title='bbox 456 3607 504 3670; x_wconf 88' lang='lat' dir='ltr'><strong>sio</strong></span> <span class='ocrx_word' id='word_1_313' title='bbox 518 3607 691 3670; x_wconf 88' lang='lat' dir='ltr'><strong>statuitur:</strong></span> <span class='ocrx_word' id='word_1_314' title='bbox 1121 3608 1268 3673; x_wconf 88' lang='lat' dir='ltr'><strong>habitum</strong></span> <span class='ocrx_word' id='word_1_315' title='bbox 1283 3611 1463 3689; x_wconf 79' lang='lat' dir='ltr'><strong>regularem</strong></span> <span class='ocrx_word' id='word_1_316' title='bbox 1491 3615 1720 3696; x_wconf 84' lang='lat' dir='ltr'><strong>resumpsisse,</strong></span> <span class='ocrx_word' id='word_1_317' title='bbox 1746 3618 1774 3682; x_wconf 90' lang='lat' dir='ltr'><strong>si</strong></span> <span class='ocrx_word' id='word_1_318' title='bbox 1808 3620 1917 3699; x_wconf 88' lang='lat' dir='ltr'><strong>ipsum</strong></span> 
     </span>
    </p>

    <p class='ocr_par' dir='ltr' id='par_1_20' title="bbox 283 3703 1916 4200">
     <span class='ocr_line' id='line_1_34' title="bbox 324 3703 1915 3794; baseline 0.009 -26"><span class='ocrx_word' id='word_1_319' title='bbox 324 3707 351 3768; x_wconf 90' lang='lat' dir='ltr'><strong>l.</strong></span> <span class='ocrx_word' id='word_1_320' title='bbox 369 3703 506 3781; x_wconf 90' lang='lat' dir='ltr'><strong>Quoties</strong></span> <span class='ocrx_word' id='word_1_321' title='bbox 526 3705 645 3786; x_wconf 89' lang='lat' dir='ltr'><strong>aliquia</strong></span> <span class='ocrx_word' id='word_1_322' title='bbox 658 3703 830 3784; x_wconf 79' lang='lat' dir='ltr'><strong>religiosus</strong></span> <span class='ocrx_word' id='word_1_323' title='bbox 849 3707 900 3771; x_wconf 83' lang='lat' dir='ltr'><strong>rel</strong></span> <span class='ocrx_word' id='word_1_324' title='bbox 922 3708 1070 3788; x_wconf 77' lang='lat' dir='ltr'><strong>religiosa</strong></span> <span class='ocrx_word' id='word_1_325' title='bbox 1121 3716 1213 3774; x_wconf 88' lang='lat' dir='ltr'><strong>antee</strong></span> <span class='ocrx_word' id='word_1_326' title='bbox 1229 3709 1427 3790; x_wconf 88' lang='lat' dir='ltr'><strong>deposuerit.</strong></span> <span class='ocrx_word' id='word_1_327' title='bbox 1447 3711 1566 3794; x_wconf 76' lang='grc'><strong>(0.19,</strong></span> <span class='ocrx_word' id='word_1_328' title='bbox 1596 3733 1679 3782; x_wconf 87' lang='lat' dir='ltr'><strong>sess.</strong></span> <span class='ocrx_word' id='word_1_329' title='bbox 1696 3718 1737 3782; x_wconf 76' lang='lat'><strong>25</strong></span> <span class='ocrx_word' id='word_1_330' title='bbox 1769 3719 1915 3785; x_wconf 79' lang='lat' dir='ltr'><strong>Trideat.</strong></span> 
     </span>
     <span class='ocr_line' id='line_1_35' title="bbox 283 3806 1514 3898; baseline 0.006 -29"><span class='ocrx_word' id='word_1_331' title='bbox 283 3808 368 3870; x_wconf 86' lang='lat' dir='ltr'><strong>intra</strong></span> <span class='ocrx_word' id='word_1_332' title='bbox 414 3806 680 3887; x_wconf 86' lang='lat' dir='ltr'><strong>quinquennium</strong></span> <span class='ocrx_word' id='word_1_333' title='bbox 717 3822 734 3869; x_wconf 90' lang='lat' dir='ltr'><strong>a</strong></span> <span class='ocrx_word' id='word_1_334' title='bbox 765 3807 817 3870; x_wconf 90' lang='lat' dir='ltr'><strong>die</strong></span> <span class='ocrx_word' id='word_1_335' title='bbox 860 3808 1070 3888; x_wconf 80' lang='lat' dir='ltr'><strong>professionis</strong></span> <span class='ocrx_word' id='word_1_336' title='bbox 1122 3810 1514 3898; x_wconf 71' lang='lat' dir='ltr'><strong>occubuissemus.)</strong></span> 
     </span>
     <span class='ocr_line' id='line_1_36' title="bbox 283 3904 1916 3998; baseline 0.012 -29"><span class='ocrx_word' id='word_1_337' title='bbox 283 3923 352 3970; x_wconf 79' lang='lat' dir='ltr'><strong>sure</strong></span> <span class='ocrx_word' id='word_1_338' title='bbox 372 3906 542 3987; x_wconf 82' lang='lat' dir='ltr'><strong>pretendit</strong></span> <span class='ocrx_word' id='word_1_339' title='bbox 573 3904 718 3986; x_wconf 87' lang='lat' dir='ltr'><strong>ejusdem</strong></span> <span class='ocrx_word' id='word_1_340' title='bbox 737 3905 949 3986; x_wconf 86' lang='lat' dir='ltr'><strong>professionis</strong></span> <span class='ocrx_word' id='word_1_341' title='bbox 969 3909 1068 3973; x_wconf 87' lang='lat' dir='ltr'><strong>nulli·</strong></span> <span class='ocrx_word' id='word_1_342' title='bbox 1162 3911 1220 3976; x_wconf 88' lang='lat' dir='ltr'><strong>xl.</strong></span> <span class='ocrx_word' id='word_1_343' title='bbox 1253 3912 1292 3976; x_wconf 92' lang='lat' dir='ltr'><strong>ln</strong></span> <span class='ocrx_word' id='word_1_344' title='bbox 1318 3911 1508 3994; x_wconf 86' lang='lat' dir='ltr'><strong>hujusmodi</strong></span> <span class='ocrx_word' id='word_1_345' title='bbox 1548 3917 1760 3998; x_wconf 81' lang='lat' dir='ltr'><strong>expediendas</strong></span> <span class='ocrx_word' id='word_1_346' title='bbox 1807 3923 1916 3988; x_wconf 88' lang='lat' dir='ltr'><strong>causis</strong></span> 
     </span>
     <span class='ocr_line' id='line_1_37' title="bbox 284 4005 1915 4108; baseline 0.016 -41"><span class='ocrx_word' id='word_1_347' title='bbox 284 4011 392 4077; x_wconf 89' lang='lat' dir='ltr'><strong>tatem,</strong></span> <span class='ocrx_word' id='word_1_348' title='bbox 408 4021 503 4069; x_wconf 87' lang='lat' dir='ltr'><strong>causa</strong></span> <span class='ocrx_word' id='word_1_349' title='bbox 521 4005 688 4082; x_wconf 83' lang='lat' dir='ltr'><strong>judicando</strong></span> <span class='ocrx_word' id='word_1_350' title='bbox 711 4013 760 4070; x_wconf 90' lang='lat' dir='ltr'><strong>est</strong></span> <span class='ocrx_word' id='word_1_351' title='bbox 788 4008 984 4086; x_wconf 78' lang='lat' dir='ltr'><strong>crupericrc</strong></span> <span class='ocrx_word' id='word_1_352' title='bbox 1011 4027 1069 4073; x_wconf 84' lang='lat' dir='ltr'><strong>ruo</strong></span> <span class='ocrx_word' id='word_1_353' title='bbox 1122 4013 1343 4079; x_wconf 83' lang='lat' dir='ltr'><strong>conficiendos</strong></span> <span class='ocrx_word' id='word_1_354' title='bbox 1371 4025 1419 4080; x_wconf 87' lang='lat' dir='ltr'><strong>est</strong></span> <span class='ocrx_word' id='word_1_355' title='bbox 1436 4034 1532 4084; x_wconf 82' lang='lat' dir='ltr'><strong>verus</strong></span> <span class='ocrx_word' id='word_1_356' title='bbox 1557 4021 1770 4103; x_wconf 89' lang='lat' dir='ltr'><strong>etjudioialis</strong></span> <span class='ocrx_word' id='word_1_357' title='bbox 1786 4042 1915 4108; x_wconf 86' lang='lat' dir='ltr'><strong>procas·</strong></span> 
     </span>
     <span class='ocr_line' id='line_1_38' title="bbox 284 4104 1496 4200; baseline 0.011 -32"><span class='ocrx_word' id='word_1_358' title='bbox 284 4114 313 4168; x_wconf 85' lang='lat' dir='ltr'><strong>et</strong></span> <span class='ocrx_word' id='word_1_359' title='bbox 334 4105 511 4169; x_wconf 83' lang='lat' dir='ltr'><strong>ordinario.</strong></span> <span class='ocrx_word' id='word_1_360' title='bbox 532 4104 592 4188; x_wconf 88' lang='lat' dir='ltr'><strong>(C.</strong></span> <span class='ocrx_word' id='word_1_361' title='bbox 611 4106 662 4180; x_wconf 80' lang='lat'><strong>19,</strong></span> <span class='ocrx_word' id='word_1_362' title='bbox 678 4123 761 4170; x_wconf 87' lang='lat' dir='ltr'><strong>sess.</strong></span> <span class='ocrx_word' id='word_1_363' title='bbox 785 4107 826 4169; x_wconf 76' lang='lat'><strong>25</strong></span> <span class='ocrx_word' id='word_1_364' title='bbox 843 4107 1009 4192; x_wconf 82' lang='lat' dir='ltr'><strong>Trident.)</strong></span> <span class='ocrx_word' id='word_1_365' title='bbox 1122 4128 1191 4176; x_wconf 87' lang='lat' dir='ltr'><strong>sos.</strong></span> <span class='ocrx_word' id='word_1_366' title='bbox 1208 4113 1291 4192; x_wconf 83' lang='lat' dir='ltr'><strong>(Bul.</strong></span> <span class='ocrx_word' id='word_1_367' title='bbox 1306 4113 1496 4200; x_wconf 80' lang='lat' dir='ltr'><strong>sidetem.)</strong></span> 
     </span>
    </p>

    <p class='ocr_par' dir='ltr' id='par_1_21' title="bbox 283 4205 1916 4505">
     <span class='ocr_line' id='line_1_39' title="bbox 324 4205 1916 4295; baseline 0.014 -27"><span class='ocrx_word' id='word_1_368' title='bbox 324 4206 366 4268; x_wconf 92' lang='lat' dir='ltr'><strong>ll.</strong></span> <span class='ocrx_word' id='word_1_369' title='bbox 381 4206 468 4270; x_wconf 92' lang='lat' dir='ltr'><strong>ldem</strong></span> <span class='ocrx_word' id='word_1_370' title='bbox 489 4205 662 4270; x_wconf 90' lang='lat' dir='ltr'><strong>dicendum</strong></span> <span class='ocrx_word' id='word_1_371' title='bbox 679 4211 741 4280; x_wconf 89' lang='lat' dir='ltr'><strong>est,</strong></span> <span class='ocrx_word' id='word_1_372' title='bbox 765 4208 895 4288; x_wconf 86' lang='lat' dir='ltr'><strong>quondo</strong></span> <span class='ocrx_word' id='word_1_373' title='bbox 926 4210 966 4272; x_wconf 87' lang='lat' dir='ltr'><strong>ab</strong></span> <span class='ocrx_word' id='word_1_374' title='bbox 997 4211 1070 4290; x_wconf 87' lang='lat' dir='ltr'><strong>ipso</strong></span> <span class='ocrx_word' id='word_1_375' title='bbox 1161 4211 1234 4277; x_wconf 75' lang='lat' dir='ltr'><strong>llll.</strong></span> <span class='ocrx_word' id='word_1_376' title='bbox 1274 4213 1371 4280; x_wconf 86' lang='lat' dir='ltr'><strong>Citari</strong></span> <span class='ocrx_word' id='word_1_377' title='bbox 1414 4217 1547 4295; x_wconf 80' lang='lat' dir='ltr'><strong>debeor,</strong></span> <span class='ocrx_word' id='word_1_378' title='bbox 1602 4226 1674 4286; x_wconf 91' lang='lat' dir='ltr'><strong>lum</strong></span> <span class='ocrx_word' id='word_1_379' title='bbox 1723 4223 1916 4291; x_wconf 88' lang='lat' dir='ltr'><strong>defensores</strong></span> 
     </span>
     <span class='ocr_line' id='line_1_40' title="bbox 283 4306 1915 4408; baseline 0.013 -38"><span class='ocrx_word' id='word_1_380' title='bbox 283 4309 398 4370; x_wconf 91' lang='lat' dir='ltr'><strong>ordine</strong></span> <span class='ocrx_word' id='word_1_381' title='bbox 415 4306 567 4386; x_wconf 76' lang='lat' dir='ltr'><strong>religioso</strong></span> <span class='ocrx_word' id='word_1_382' title='bbox 596 4307 803 4371; x_wconf 86' lang='lat' dir='ltr'><strong>contenditur</strong></span> <span class='ocrx_word' id='word_1_383' title='bbox 821 4307 942 4373; x_wconf 89' lang='lat' dir='ltr'><strong>nullam</strong></span> <span class='ocrx_word' id='word_1_384' title='bbox 968 4311 1071 4379; x_wconf 85' lang='lat' dir='ltr'><strong>fuisse</strong></span> <span class='ocrx_word' id='word_1_385' title='bbox 1122 4315 1328 4391; x_wconf 68' lang='lat' dir='ltr'><strong>monasteriis</strong></span> <span class='ocrx_word' id='word_1_386' title='bbox 1345 4324 1412 4381; x_wconf 87' lang='lat' dir='ltr'><strong>lum</strong></span> <span class='ocrx_word' id='word_1_387' title='bbox 1428 4319 1564 4399; x_wconf 89' lang='lat' dir='ltr'><strong>professi</strong></span> <span class='ocrx_word' id='word_1_388' title='bbox 1582 4321 1685 4403; x_wconf 91' lang='lat' dir='ltr'><strong>ipsius</strong></span> <span class='ocrx_word' id='word_1_389' title='bbox 1702 4325 1915 4408; x_wconf 59' lang='lat' dir='ltr'><strong>ffcoosangui·</strong></span> 
     </span>
     <span class='ocr_line' id='line_1_41' title="bbox 283 4404 1912 4505; baseline 0.013 -35"><span class='ocrx_word' id='word_1_390' title='bbox 283 4406 423 4486; x_wconf 80' lang='lat' dir='ltr'><strong>alicujus</strong></span> <span class='ocrx_word' id='word_1_391' title='bbox 437 4405 487 4469; x_wconf 89' lang='lat' dir='ltr'><strong>sui</strong></span> <span class='ocrx_word' id='word_1_392' title='bbox 503 4405 639 4469; x_wconf 91' lang='lat' dir='ltr'><strong>membri</strong></span> <span class='ocrx_word' id='word_1_393' title='bbox 663 4404 911 4487; x_wconf 85' lang='lat' dir='ltr'><strong>professionem.</strong></span> <span class='ocrx_word' id='word_1_394' title='bbox 1122 4411 1189 4488; x_wconf 89' lang='lat' dir='ltr'><strong>uei,</strong></span> <span class='ocrx_word' id='word_1_395' title='bbox 1205 4413 1274 4478; x_wconf 87' lang='lat' dir='ltr'><strong>sire</strong></span> <span class='ocrx_word' id='word_1_396' title='bbox 1288 4415 1476 4498; x_wconf 88' lang='lat' dir='ltr'><strong>propinqui,</strong></span> <span class='ocrx_word' id='word_1_397' title='bbox 1491 4419 1562 4484; x_wconf 84' lang='lat' dir='ltr'><strong>siae</strong></span> <span class='ocrx_word' id='word_1_398' title='bbox 1583 4421 1654 4502; x_wconf 90' lang='lat' dir='ltr'><strong>alii,</strong></span> <span class='ocrx_word' id='word_1_399' title='bbox 1669 4425 1793 4505; x_wconf 87' lang='lat' dir='ltr'><strong>quibus</strong></span> <span class='ocrx_word' id='word_1_400' title='bbox 1827 4430 1912 4491; x_wconf 92' lang='lat' dir='ltr'><strong>bona</strong></span> 
     </span>
    </p>

    <p class='ocr_par' dir='ltr' id='par_1_22' title="bbox 282 4507 1916 4910">
     <span class='ocr_line' id='line_1_42' title="bbox 322 4507 1916 4608; baseline 0.014 -40"><span class='ocrx_word' id='word_1_401' title='bbox 322 4507 380 4571; x_wconf 91' lang='lat' dir='ltr'><strong>lll.</strong></span> <span class='ocrx_word' id='word_1_402' title='bbox 431 4507 704 4589; x_wconf 87' lang='lat' dir='ltr'><strong>Quinquennium</strong></span> <span class='ocrx_word' id='word_1_403' title='bbox 744 4509 979 4584; x_wconf 91' lang='lat' dir='ltr'><strong>numerandum</strong></span> <span class='ocrx_word' id='word_1_404' title='bbox 1022 4515 1071 4576; x_wconf 88' lang='lat' dir='ltr'><strong>est</strong></span> <span class='ocrx_word' id='word_1_405' title='bbox 1122 4513 1327 4580; x_wconf 81' lang='lat' dir='ltr'><strong>suadonarit</strong></span> <span class='ocrx_word' id='word_1_406' title='bbox 1352 4523 1408 4582; x_wconf 87' lang='lat' dir='ltr'><strong>aul</strong></span> <span class='ocrx_word' id='word_1_407' title='bbox 1431 4521 1634 4597; x_wconf 73' lang='lat' dir='ltr'><strong>cessit3tum</strong></span> <span class='ocrx_word' id='word_1_408' title='bbox 1662 4527 1916 4608; x_wconf 80' lang='lat' dir='ltr'><strong>ceteriomncs,</strong></span> 
     </span>
     <span class='ocr_line' id='line_1_43' title="bbox 283 4607 1914 4703; baseline 0.012 -33"><span class='ocrx_word' id='word_1_409' title='bbox 283 4607 876 4688; x_wconf 81' lang='lat' dir='ltr'><strong>adicemissacprotessicnis,erlamsi</strong></span> <span class='ocrx_word' id='word_1_410' title='bbox 889 4613 1071 4690; x_wconf 78' lang='lat' dir='ltr'><strong>praetende·</strong></span> <span class='ocrx_word' id='word_1_411' title='bbox 1123 4627 1276 4703; x_wconf 86' lang='lat' dir='ltr'><strong>quorum</strong></span> <span class='ocrx_word' id='word_1_412' title='bbox 1290 4614 1425 4680; x_wconf 89' lang='lat' dir='ltr'><strong>interest</strong></span> <span class='ocrx_word' id='word_1_413' title='bbox 1461 4616 1552 4684; x_wconf 92' lang='lat' dir='ltr'><strong>illius</strong></span> <span class='ocrx_word' id='word_1_414' title='bbox 1577 4621 1812 4702; x_wconf 86' lang='lat' dir='ltr'><strong>professionem</strong></span> <span class='ocrx_word' id='word_1_415' title='bbox 1831 4626 1914 4690; x_wconf 85' lang='lat' dir='ltr'><strong>rali-</strong></span> 
     </span>
     <span class='ocr_line' id='line_1_44' title="bbox 283 4708 1382 4794; baseline 0.008 -23"><span class='ocrx_word' id='word_1_416' title='bbox 283 4715 372 4772; x_wconf 90' lang='lat' dir='ltr'><strong>retur</strong></span> <span class='ocrx_word' id='word_1_417' title='bbox 390 4716 510 4773; x_wconf 86' lang='lat' dir='ltr'><strong>melum</strong></span> <span class='ocrx_word' id='word_1_418' title='bbox 533 4708 665 4774; x_wconf 89' lang='lat' dir='ltr'><strong>durasse</strong></span> <span class='ocrx_word' id='word_1_419' title='bbox 679 4711 763 4772; x_wconf 89' lang='lat' dir='ltr'><strong>ultra</strong></span> <span class='ocrx_word' id='word_1_420' title='bbox 776 4710 857 4776; x_wconf 93' lang='lat' dir='ltr'><strong>illud</strong></span> <span class='ocrx_word' id='word_1_421' title='bbox 887 4712 1072 4794; x_wconf 89' lang='lat' dir='ltr'><strong>quinquen·</strong></span> <span class='ocrx_word' id='word_1_422' title='bbox 1123 4713 1194 4776; x_wconf 90' lang='lat' dir='ltr'><strong>dam</strong></span> <span class='ocrx_word' id='word_1_423' title='bbox 1211 4714 1382 4780; x_wconf 87' lang='lat' dir='ltr'><strong>sustineri.</strong></span> 
     </span>
     <span class='ocr_line' id='line_1_45' title="bbox 282 4805 1915 4910; baseline 0.015 -41"><span class='ocrx_word' id='word_1_424' title='bbox 282 4807 387 4881; x_wconf 90' lang='lat' dir='ltr'><strong>nium,</strong></span> <span class='ocrx_word' id='word_1_425' title='bbox 417 4813 450 4870; x_wconf 92' lang='lat' dir='ltr'><strong>et</strong></span> <span class='ocrx_word' id='word_1_426' title='bbox 472 4805 617 4870; x_wconf 87' lang='lat' dir='ltr'><strong>defuisse</strong></span> <span class='ocrx_word' id='word_1_427' title='bbox 655 4805 834 4872; x_wconf 89' lang='lat' dir='ltr'><strong>libertatem</strong></span> <span class='ocrx_word' id='word_1_428' title='bbox 863 4810 1068 4874; x_wconf 88' lang='lat' dir='ltr'><strong>reclamandi.</strong></span> <span class='ocrx_word' id='word_1_429' title='bbox 1160 4813 1250 4877; x_wconf 79' lang='lat' dir='ltr'><strong>lel.</strong></span> <span class='ocrx_word' id='word_1_430' title='bbox 1291 4816 1502 4897; x_wconf 86' lang='lat' dir='ltr'><strong>Depuiendus</strong></span> <span class='ocrx_word' id='word_1_431' title='bbox 1536 4827 1585 4887; x_wconf 91' lang='lat' dir='ltr'><strong>est</strong></span> <span class='ocrx_word' id='word_1_432' title='bbox 1620 4841 1661 4887; x_wconf 90' lang='lat' dir='ltr'><strong>an</strong></span> <span class='ocrx_word' id='word_1_433' title='bbox 1712 4843 1915 4910; x_wconf 88' lang='lat' dir='ltr'><strong>unoquoque</strong></span> 
     </span>
    </p>

    <p class='ocr_par' dir='ltr' id='par_1_23' title="bbox 281 4903 1917 5199">
     <span class='ocr_line' id='line_1_46' title="bbox 325 4903 1917 5008; baseline 0.016 -41"><span class='ocrx_word' id='word_1_434' title='bbox 325 4905 379 4969; x_wconf 88' lang='lat' dir='ltr'><strong>lV.</strong></span> <span class='ocrx_word' id='word_1_435' title='bbox 418 4905 451 4967; x_wconf 86' lang='lat' dir='ltr'><strong>Si</strong></span> <span class='ocrx_word' id='word_1_436' title='bbox 480 4905 562 4968; x_wconf 86' lang='lat' dir='ltr'><strong>nolio</strong></span> <span class='ocrx_word' id='word_1_437' title='bbox 584 4903 743 4968; x_wconf 88' lang='lat' dir='ltr'><strong>nullitatis</strong></span> <span class='ocrx_word' id='word_1_438' title='bbox 774 4905 931 4972; x_wconf 87' lang='lat' dir='ltr'><strong>intentata</strong></span> <span class='ocrx_word' id='word_1_439' title='bbox 972 4910 1070 4974; x_wconf 89' lang='lat' dir='ltr'><strong>fuerit</strong></span> <span class='ocrx_word' id='word_1_440' title='bbox 1122 4913 1284 4979; x_wconf 90' lang='lat' dir='ltr'><strong>ordinario</strong></span> <span class='ocrx_word' id='word_1_441' title='bbox 1308 4916 1343 4980; x_wconf 94' lang='lat' dir='ltr'><strong>in</strong></span> <span class='ocrx_word' id='word_1_442' title='bbox 1373 4918 1502 4984; x_wconf 88' lang='lat' dir='ltr'><strong>dioecesi</strong></span> <span class='ocrx_word' id='word_1_443' title='bbox 1534 4938 1592 4986; x_wconf 90' lang='lat' dir='ltr'><strong>sua</strong></span> <span class='ocrx_word' id='word_1_444' title='bbox 1617 4923 1761 5006; x_wconf 73' lang='lat' dir='ltr'><strong>defensor</strong></span> <span class='ocrx_word' id='word_1_445' title='bbox 1791 4933 1917 5008; x_wconf 79' lang='lat' dir='ltr'><strong>prascr-</strong></span> 
     </span>
     <span class='ocr_line' id='line_1_47' title="bbox 281 5003 1912 5093; baseline 0.015 -25"><span class='ocrx_word' id='word_1_446' title='bbox 281 5005 365 5068; x_wconf 89' lang='lat' dir='ltr'><strong>inlra</strong></span> <span class='ocrx_word' id='word_1_447' title='bbox 400 5003 521 5067; x_wconf 87' lang='lat' dir='ltr'><strong>dietum</strong></span> <span class='ocrx_word' id='word_1_448' title='bbox 545 5003 820 5086; x_wconf 81' lang='lat' dir='ltr'><strong>quinquennium,</strong></span> <span class='ocrx_word' id='word_1_449' title='bbox 855 5005 931 5070; x_wconf 85' lang='lat' dir='ltr'><strong>licet</strong></span> <span class='ocrx_word' id='word_1_450' title='bbox 958 5015 1070 5088; x_wconf 81' lang='lat' dir='ltr'><strong>postea</strong></span> <span class='ocrx_word' id='word_1_451' title='bbox 1122 5013 1257 5093; x_wconf 81' lang='lat' dir='ltr'><strong>rincum,</strong></span> <span class='ocrx_word' id='word_1_452' title='bbox 1285 5016 1455 5082; x_wconf 88' lang='lat' dir='ltr'><strong>adinstar</strong></span> <span class='ocrx_word' id='word_1_453' title='bbox 1492 5021 1671 5088; x_wconf 87' lang='lat' dir='ltr'><strong>defensoris</strong></span> <span class='ocrx_word' id='word_1_454' title='bbox 1698 5029 1912 5093; x_wconf 82' lang='lat' dir='ltr'><strong>matrimonii.</strong></span> 
     </span>
     <span class='ocr_line' id='line_1_48' title="bbox 283 5102 1418 5199; baseline 0.007 -29"><span class='ocrx_word' id='word_1_455' title='bbox 283 5105 411 5170; x_wconf 89' lang='lat' dir='ltr'><strong>deserta</strong></span> <span class='ocrx_word' id='word_1_456' title='bbox 424 5102 534 5181; x_wconf 88' lang='lat' dir='ltr'><strong>fuerit,</strong></span> <span class='ocrx_word' id='word_1_457' title='bbox 551 5104 578 5168; x_wconf 91' lang='lat' dir='ltr'><strong>si</strong></span> <span class='ocrx_word' id='word_1_458' title='bbox 605 5111 821 5170; x_wconf 86' lang='lat' dir='ltr'><strong>reassumatur</strong></span> <span class='ocrx_word' id='word_1_459' title='bbox 835 5105 944 5186; x_wconf 87' lang='lat' dir='ltr'><strong>elapso</strong></span> <span class='ocrx_word' id='word_1_460' title='bbox 970 5110 1070 5188; x_wconf 90' lang='lat' dir='ltr'><strong>quin·</strong></span> <span class='ocrx_word' id='word_1_461' title='bbox 1123 5109 1219 5194; x_wconf 79' lang='lat' dir='ltr'><strong>(Bul.</strong></span> <span class='ocrx_word' id='word_1_462' title='bbox 1234 5114 1272 5177; x_wconf 88' lang='lat' dir='ltr'><strong>Si</strong></span> <span class='ocrx_word' id='word_1_463' title='bbox 1288 5113 1418 5199; x_wconf 79' lang='lat' dir='ltr'><strong>datam.)</strong></span> 
     </span>
    </p>
   </div>
   <div class='ocr_carea' id='block_1_11' title="bbox 281 5203 1912 5800">
    <p class='ocr_par' dir='ltr' id='par_1_24' title="bbox 282 5203 1912 5307">
     <span class='ocr_line' id='line_1_49' title="bbox 282 5203 1912 5307; baseline 0.012 -39"><span class='ocrx_word' id='word_1_464' title='bbox 282 5205 438 5289; x_wconf 91' lang='lat' dir='ltr'><strong>quennio,</strong></span> <span class='ocrx_word' id='word_1_465' title='bbox 469 5203 666 5269; x_wconf 88' lang='lat' dir='ltr'><strong>admittenda</strong></span> <span class='ocrx_word' id='word_1_466' title='bbox 705 5211 754 5268; x_wconf 90' lang='lat' dir='ltr'><strong>est</strong></span> <span class='ocrx_word' id='word_1_467' title='bbox 796 5210 829 5268; x_wconf 91' lang='lat' dir='ltr'><strong>el</strong></span> <span class='ocrx_word' id='word_1_468' title='bbox 850 5204 1070 5286; x_wconf 87' lang='lat' dir='ltr'><strong>judicandus</strong></span> <span class='ocrx_word' id='word_1_469' title='bbox 1160 5211 1249 5277; x_wconf 83' lang='lat' dir='ltr'><strong>XIV.</strong></span> <span class='ocrx_word' id='word_1_470' title='bbox 1271 5213 1483 5298; x_wconf 72' lang='lat' dir='ltr'><strong>Quocunque</strong></span> <span class='ocrx_word' id='word_1_471' title='bbox 1525 5226 1643 5285; x_wconf 86' lang='lat' dir='ltr'><strong>statuta</strong></span> <span class='ocrx_word' id='word_1_472' title='bbox 1685 5231 1764 5288; x_wconf 88' lang='lat' dir='ltr'><strong>sunt</strong></span> <span class='ocrx_word' id='word_1_473' title='bbox 1803 5227 1912 5307; x_wconf 89' lang='lat' dir='ltr'><strong>quoad</strong></span> 
     </span>
    </p>

    <p class='ocr_par' dir='ltr' id='par_1_25' title="bbox 282 5303 1912 5509">
     <span class='ocr_line' id='line_1_50' title="bbox 282 5303 1912 5404; baseline 0.015 -36"><span class='ocrx_word' id='word_1_474' title='bbox 282 5304 444 5385; x_wconf 88' lang='lat' dir='ltr'><strong>superiori</strong></span> <span class='ocrx_word' id='word_1_475' title='bbox 460 5303 599 5384; x_wconf 78' lang='lat' dir='ltr'><strong>regulari</strong></span> <span class='ocrx_word' id='word_1_476' title='bbox 628 5312 660 5370; x_wconf 90' lang='lat' dir='ltr'><strong>et</strong></span> <span class='ocrx_word' id='word_1_477' title='bbox 678 5304 855 5370; x_wconf 87' lang='lat' dir='ltr'><strong>ordinario.</strong></span> <span class='ocrx_word' id='word_1_478' title='bbox 1122 5309 1324 5376; x_wconf 88' lang='lat' dir='ltr'><strong>defensorem</strong></span> <span class='ocrx_word' id='word_1_479' title='bbox 1355 5317 1564 5392; x_wconf 88' lang='lat' dir='ltr'><strong>matrimonii,</strong></span> <span class='ocrx_word' id='word_1_480' title='bbox 1590 5323 1696 5385; x_wconf 82' lang='lat' dir='ltr'><strong>valent</strong></span> <span class='ocrx_word' id='word_1_481' title='bbox 1733 5329 1912 5404; x_wconf 84' lang='lat' dir='ltr'><strong>respealire</strong></span> 
     </span>
     <span class='ocr_line' id='line_1_51' title="bbox 320 5405 1821 5509; baseline 0.013 -39"><span class='ocrx_word' id='word_1_482' title='bbox 320 5405 351 5470; x_wconf 84' lang='lat' dir='ltr'><strong>V</strong></span> <span class='ocrx_word' id='word_1_483' title='bbox 387 5405 527 5470; x_wconf 88' lang='lat' dir='ltr'><strong>Certum·</strong></span> <span class='ocrx_word' id='word_1_484' title='bbox 560 5410 610 5470; x_wconf 90' lang='lat' dir='ltr'><strong>est</strong></span> <span class='ocrx_word' id='word_1_485' title='bbox 648 5405 823 5487; x_wconf 75' lang='lat' dir='ltr'><strong>recolorari</strong></span> <span class='ocrx_word' id='word_1_486' title='bbox 865 5406 1068 5488; x_wconf 81' lang='lat' dir='ltr'><strong>superiorem,</strong></span> <span class='ocrx_word' id='word_1_487' title='bbox 1124 5413 1230 5494; x_wconf 86' lang='lat' dir='ltr'><strong>quoad</strong></span> <span class='ocrx_word' id='word_1_488' title='bbox 1241 5415 1675 5503; x_wconf 70' lang='lat' dir='ltr'><strong>professiooomdcfcnrcrcr.</strong></span> <span class='ocrx_word' id='word_1_489' title='bbox 1693 5423 1704 5507; x_wconf 93' lang='lat'>(</span> <span class='ocrx_word' id='word_1_490' title='bbox 1719 5425 1821 5509; x_wconf 74' lang='lat' dir='ltr'><strong>loto.)</strong></span> 
     </span>
    </p>

    <p class='ocr_par' dir='ltr' id='par_1_26' title="bbox 281 5505 1911 5598">
     <span class='ocr_line' id='line_1_52' title="bbox 281 5505 1911 5598; baseline 0.015 -28"><span class='ocrx_word' id='word_1_491' title='bbox 281 5507 322 5572; x_wconf 92' lang='lat' dir='ltr'><strong>de</strong></span> <span class='ocrx_word' id='word_1_492' title='bbox 336 5507 444 5588; x_wconf 91' lang='lat' dir='ltr'><strong>quoin</strong></span> <span class='ocrx_word' id='word_1_493' title='bbox 460 5509 588 5572; x_wconf 89' lang='lat' dir='ltr'><strong>decreto</strong></span> <span class='ocrx_word' id='word_1_494' title='bbox 603 5505 805 5586; x_wconf 86' lang='lat' dir='ltr'><strong>Tridentino,</strong></span> <span class='ocrx_word' id='word_1_495' title='bbox 818 5508 1068 5590; x_wconf 80' lang='lat' dir='ltr'><strong>intelligendum</strong></span> <span class='ocrx_word' id='word_1_496' title='bbox 1160 5512 1231 5576; x_wconf 84' lang='lat' dir='ltr'><strong>XV.</strong></span> <span class='ocrx_word' id='word_1_497' title='bbox 1262 5513 1419 5593; x_wconf 76' lang='lat' dir='ltr'><strong>expense</strong></span> <span class='ocrx_word' id='word_1_498' title='bbox 1455 5535 1512 5598; x_wconf 86' lang='lat' dir='ltr'><strong>pro</strong></span> <span class='ocrx_word' id='word_1_499' title='bbox 1529 5521 1702 5589; x_wconf 88' lang='lat' dir='ltr'><strong>honorario</strong></span> <span class='ocrx_word' id='word_1_500' title='bbox 1729 5526 1911 5594; x_wconf 86' lang='lat' dir='ltr'><strong>defensoris</strong></span> 
     </span>
    </p>

    <p class='ocr_par' dir='ltr' id='par_1_27' title="bbox 285 5605 1912 5707">
     <span class='ocr_line' id='line_1_53' title="bbox 285 5605 1912 5707; baseline 0.013 -37"><span class='ocrx_word' id='word_1_501' title='bbox 285 5606 477 5686; x_wconf 88' lang='lat' dir='ltr'><strong>sssequoad</strong></span> <span class='ocrx_word' id='word_1_502' title='bbox 506 5605 653 5688; x_wconf 81' lang='lat' dir='ltr'><strong>virorum</strong></span> <span class='ocrx_word' id='word_1_503' title='bbox 698 5605 843 5685; x_wconf 90' lang='lat' dir='ltr'><strong>ordines,</strong></span> <span class='ocrx_word' id='word_1_504' title='bbox 874 5609 1069 5689; x_wconf 80' lang='lat' dir='ltr'><strong>superiorem</strong></span> <span class='ocrx_word' id='word_1_505' title='bbox 1121 5611 1362 5694; x_wconf 90' lang='lat' dir='ltr'><strong>professionum</strong></span> <span class='ocrx_word' id='word_1_506' title='bbox 1388 5618 1554 5685; x_wconf 81' lang='lat' dir='ltr'><strong>solvendae</strong></span> <span class='ocrx_word' id='word_1_507' title='bbox 1578 5630 1655 5687; x_wconf 85' lang='lat' dir='ltr'><strong>aunt</strong></span> <span class='ocrx_word' id='word_1_508' title='bbox 1678 5625 1718 5689; x_wconf 90' lang='lat' dir='ltr'><strong>ab</strong></span> <span class='ocrx_word' id='word_1_509' title='bbox 1748 5626 1816 5690; x_wconf 90' lang='lat' dir='ltr'><strong>i..is</strong></span> <span class='ocrx_word' id='word_1_510' title='bbox 1836 5629 1912 5707; x_wconf 90' lang='lat' dir='ltr'><strong>qui·</strong></span> 
     </span>
    </p>

    <p class='ocr_par' dir='ltr' id='par_1_28' title="bbox 283 5702 1909 5800">
     <span class='ocr_line' id='line_1_54' title="bbox 283 5702 1909 5800; baseline 0.018 -34"><span class='ocrx_word' id='word_1_511' title='bbox 283 5702 544 5770; x_wconf 80' lang='lat' dir='ltr'><strong>localem...lllius</strong></span> <span class='ocrx_word' id='word_1_512' title='bbox 559 5704 793 5775; x_wconf 89' lang='lat' dir='ltr'><strong>monasteriiin</strong></span> <span class='ocrx_word' id='word_1_513' title='bbox 807 5723 874 5790; x_wconf 89' lang='lat' dir='ltr'><strong>quo</strong></span> <span class='ocrx_word' id='word_1_514' title='bbox 889 5708 1067 5780; x_wconf 76' lang='lat' dir='ltr'><strong>reclamans</strong></span> <span class='ocrx_word' id='word_1_515' title='bbox 1089 5790 1096 5800; x_wconf 22' lang='grc' dir='ltr'><strong>Ἰ</strong></span> <span class='ocrx_word' id='word_1_516' title='bbox 1119 5713 1182 5778; x_wconf 87' lang='lat' dir='ltr'><strong>baa</strong></span> <span class='ocrx_word' id='word_1_517' title='bbox 1203 5713 1373 5796; x_wconf 77' lang='lat' dir='ltr'><strong>religiosus</strong></span> <span class='ocrx_word' id='word_1_518' title='bbox 1398 5720 1567 5800; x_wconf 84' lang='lat' dir='ltr'><strong>professas</strong></span> <span class='ocrx_word' id='word_1_519' title='bbox 1592 5724 1676 5792; x_wconf 90' lang='lat' dir='ltr'><strong>bona</strong></span> <span class='ocrx_word' id='word_1_520' title='bbox 1714 5742 1774 5794; x_wconf 85' lang='lat' dir='ltr'><strong>sua</strong></span> <span class='ocrx_word' id='word_1_521' title='bbox 1796 5731 1909 5795; x_wconf 84' lang='lat' dir='ltr'><strong>cessit.</strong></span> 
     </span>
    </p>
   </div>
   <div class='ocr_carea' id='block_1_12' title="bbox 281 5803 1906 5920">
    <p class='ocr_par' dir='ltr' id='par_1_29' title="bbox 281 5803 1906 5920">
     <span class='ocr_line' id='line_1_55' title="bbox 281 5803 1906 5920; baseline 0.015 -48"><span class='ocrx_word' id='word_1_522' title='bbox 281 5803 516 5900; x_wconf 74' lang='lat' dir='ltr'><strong>professionem</strong></span> <span class='ocrx_word' id='word_1_523' title='bbox 533 5807 663 5875; x_wconf 78' lang='lat' dir='ltr'><strong>emisit.</strong></span> <span class='ocrx_word' id='word_1_524' title='bbox 1120 5815 1155 5920; x_wconf 67' lang='lat' dir='ltr'><strong>§i</strong></span> <span class='ocrx_word' id='word_1_525' title='bbox 1173 5815 1253 5886; x_wconf 87' lang='lat' dir='ltr'><strong>talea</strong></span> <span class='ocrx_word' id='word_1_526' title='bbox 1266 5833 1331 5886; x_wconf 90' lang='lat' dir='ltr'><strong>nou</strong></span> <span class='ocrx_word' id='word_1_527' title='bbox 1348 5821 1516 5903; x_wconf 85' lang='lat' dir='ltr'><strong>exsistant,</strong></span> <span class='ocrx_word' id='word_1_528' title='bbox 1531 5826 1764 5914; x_wconf 77' lang='lat' dir='ltr'><strong>aelrersdsoet</strong></span> <span class='ocrx_word' id='word_1_529' title='bbox 1778 5829 1906 5912; x_wconf 75' lang='lat' dir='ltr'><strong>religio,</strong></span> 
     </span>
    </p>
   </div>
   <div class='ocr_carea' id='block_1_13' title="bbox 0 0 2054 6448">
    <p class='ocr_par' dir='ltr' id='par_1_30' title="bbox 0 0 2054 6448">
     <span class='ocr_line' id='line_1_56' title="bbox 0 0 2054 6448; baseline 0 4"><span class='ocrx_word' id='word_1_530' title='bbox 0 0 2054 6448; x_wconf 95' lang='lat' dir='ltr'><strong> </strong></span> 
     </span>
    </p>
   </div>
  </div>
 </body>
</html>
