4046 6460
118 431 177 495 itt

165 546 204 607 ll.
225 545 288 606 Aut
305 545 483 622 parochiale
504 545 709 620 beneficium,
727 553 782 606 aut
797 560 913 622 appro-

123 645 212 706 batio
238 647 392 707 ordinarii
421 647 662 724 praerequiritur
676 647 714 707 ad
732 644 835 706 aalide
857 644 914 705 ab·

126 743 321 805 solvendum
335 746 515 819 saculares,
527 747 570 808 ita
585 752 618 807 ut
631 745 793 808 confessio
814 742 916 804 seien-

127 851 179 902 ter
195 841 301 905 habita
325 845 406 922 apud
424 843 656 906 confessarium
673 843 769 906 etiam
785 844 914 921 regula-

126 959 198 1002 rem
214 957 277 1004 non
291 944 499 1021 approbatum
516 945 557 1005 sit
574 945 701 1023 penitus
717 944 867 1018 invalida,
881 952 916 1002 ut

125 1024 292 1119 colligitur
318 1061 357 1104 ex
381 1043 496 1106 concil.
513 1045 656 1106 Trident.
683 1061 763 1107 sess.
779 1045 828 1115 23,
846 1060 914 1121 cap.

128 1141 180 1215 15,
207 1143 250 1204 De
271 1145 399 1217 reform.
412 1153 443 1206 et
459 1142 553 1207 variis
567 1158 766 1204 summorum
792 1143 917 1220 pontili-

124 1257 202 1301 eum
224 1242 522 1306 constitutionibus.
542 1231 915 1320 (alternantes.

123 1339 338 1420 Approdatio,
356 1352 415 1404 art.
433 1345 461 1416 1,
482 1359 514 1404 n.
531 1343 576 1420 li.)

167 1437 224 1503 lll.
241 1441 362 1518 Estque
384 1439 563 1502 necessaria
587 1439 788 1518 regularibus
806 1452 918 1516 appro-

125 1537 214 1599 batio
256 1539 403 1618 episcopi
454 1538 492 1600 ad
543 1537 645 1600 aalide
703 1537 917 1600 absolvendos

124 1641 316 1715 saeculares,
333 1641 428 1702 etiam
448 1655 466 1700 a
481 1638 672 1700 venialibus.
691 1635 785 1717 (ibid.
803 1652 835 1698 n.
853 1637 917 1698 'let

125 1743 210 1822 seq.)
225 1775 264 1786 -
276 1742 353 1803 ltem
370 1737 448 1817 ipsis
465 1735 646 1800 necessaria
662 1735 766 1799 estad
787 1735 920 1797 audien·

125 1843 184 1902 das
205 1838 425 1901 confessiones
445 1835 646 1909 monialium,
662 1836 757 1898 etiam
774 1835 822 1897 eis
837 1837 917 1898 sub-

322 433 419 494 Plus
440 434 495 496 tlt.
518 434 566 494 DE
585 431 782 493 PERSONIS.
799 457 832 470 -·
846 433 921 493 tta.
939 433 1021 494 vlit.
1038 435 1087 493 bl:
1105 436 1389 512 ambulantem,
1410 439 1490 498 ETC.

1695 438 1748 502 218

967 551 1145 625 regularem
1174 550 1369 623 examinare,
1396 560 1425 612 et
1448 551 1602 635 idoneum
1619 569 1751 632 genera-

966 645 1039 708 liter
1052 658 1224 726 repertum.
1239 648 1430 728 generaliter
1445 667 1572 730 quoque
1588 658 1618 712 et
1632 650 1754 730 absque

968 745 1074 824 aliqua
1093 748 1477 828 limitationeapprobare.
1493 751 1570 812 Nam
1586 750 1628 813 ita
1644 751 1753 813 decer-

966 847 1013 908 nit
1037 847 1179 910 Clement
1196 851 1245 924 Χ,
1264 849 1427 928 religiosos
1458 851 1512 930 qui
1531 851 1636 914 idonei
1659 870 1753 930 pene-

965 946 1078 1007 raliter
1114 949 1234 1026 reperti
1258 951 1394 1026 suerint,
1420 949 1610 1030 generaliter
1633 969 1753 1031 ottoque

967 1057 994 1108 et
1007 1046 1119 1125 absque
1134 1048 1240 1127 aliqua
1251 1049 1437 1110 limitatione
1450 1069 1514 1112 esse
1528 1051 1750 1116 admittendae.

1006 1147 1111 1207 Potest
1140 1147 1272 1225 quidem
1297 1148 1490 1222 ordinarius,
1513 1149 1539 1212 si
1559 1149 1637 1212 alias
1654 1167 1751 1228 quam

967 1263 1024 1324 per
1041 1263 1172 1306 examen
1188 1244 1365 1308 absolutam
1383 1248 1523 1324 religiosi
1544 1249 1750 1312 idoneitatem

967 1354 1160 1422 compertam
1189 1345 1312 1420 babeat,
1345 1346 1375 1408 ei
1402 1347 1578 1410 absolutura
1595 1350 1752 1428 eprproba·

967 1445 1087 1506 tionem
1105 1445 1225 1525 absque
1243 1445 1309 1508 ullo
1326 1447 1472 1507 examine
1488 1449 1674 1511 concedere.

1007 1547 1090 1608 Vlll.
1117 1547 1149 1608 Si
1166 1563 1240 1608 vero
1258 1554 1342 1608 certo
1361 1554 1484 1609 constet
1500 1547 1664 1610 ordinario
1684 1549 1753 1611 sive

968 1652 1053 1720 onte,
1070 1646 1138 1708 sive
1160 1656 1230 1724 post
1246 1664 1392 1722 examen,
1410 1647 1588 1727 regularem
1602 1666 1666 1710 non
1683 1667 1753 1713 esse

968 1745 1161 1824 generaliter
1208 1745 1383 1820 idoneum,
1430 1754 1533 1824 potest
1571 1747 1754 1809 ordinarias

968 1844 1061 1906 illum
1077 1861 1148 1906 cum
1165 1844 1297 1907 limitata
1315 1845 1465 1907 lacultete
1480 1853 1535 1908 aut
1552 1845 1642 1908 nullo
1660 1847 1755 1908 modo

120 1939 293 2019 jectarum.

168 2041 218 2102 Ab
247 2038 306 2100 bac
330 2035 472 2118 generali
499 2037 611 2116 regula
638 2034 822 2115 excipiendi
844 2043 919 2098 sunt

128 2141 247 2204 novitii
273 2148 304 2203 et
327 2138 476 2202 nonnulli
503 2139 558 2202 alli
577 2139 757 2213 seculares,
773 2138 919 2218 quisunt

127 2243 169 2303 de
182 2242 381 2322 regularium
397 2239 530 2314 familia,
548 2248 577 2301 et
594 2239 740 2302 continui
757 2253 918 2301 commen-

125 2343 224 2416 sales,
243 2349 386 2418 utsupra
403 2341 523 2402 dictam
540 2347 598 2402 est.

168 2445 224 2506 lv.
248 2445 312 2506 Nec
327 2443 444 2506 subicit
467 2443 728 2521 approbationem
743 2440 844 2504 luisse
862 2459 918 2520 pe·

969 1943 1147 2006 admittere.
1199 1943 1300 2021 lgitur
1353 1941 1515 2021 regulares
1563 1942 1756 2023 generaliter

969 2043 1078 2106 idonei
1104 2043 1221 2122 reperti
1239 2045 1356 2106 debent
1378 2044 1448 2106 sine
1466 2044 1655 2106 limitatione
1677 2051 1756 2106 tem-

969 2141 1069 2222 poris,
1096 2141 1237 2204 locorum
1263 2148 1293 2203 et
1317 2141 1446 2221 generis
1463 2157 1676 2219 personarum
1698 2156 1756 2219 pro

969 2248 1033 2305 tota
1048 2241 1176 2304 dioeeesi
1201 2241 1389 2319 approbari,
1417 2240 1454 2303 ad
1471 2239 1685 2303 differentiam
1700 2255 1757 2301 eo-

969 2357 1039 2403 rnm
1066 2341 1122 2415 qui
1156 2355 1218 2402 non
1246 2340 1325 2403 adeo
1351 2339 1460 2402 idonei
1486 2336 1603 2416 reperti
1620 2344 1756 2416 possunt

969 2439 1092 2503 admitti
1109 2458 1181 2502 curu
1200 2441 1332 2502 limitata
1353 2439 1500 2502 facultate
1524 2438 1562 2499 ad
1586 2437 1756 2500 arbitrium

129 2531 918 2618 titum,sedneeesseesteamluisseobtentam,
969 2541 1218 2603 ordinariorum.
1262 2539 1312 2600 Sic
1338 2539 1483 2602 decrerit
1525 2555 1605 2599 sacr.
1642 2552 1756 2616 congr.

126 2661 169 2706 ex
184 2645 314 2707 decreto
330 2643 531 2706 Tridentino.
645 2631 650 2642 '
969 2640 1074 2719 Epise.
1099 2649 1130 2702 et
1149 2639 1263 2718 Regni.
1290 2637 1389 2700 blut.
1410 2639 1506 2710 1587,
1524 2647 1554 2697 et
1571 2635 1631 2698 hoe
1651 2636 1757 2714 ipsum

171 2743 210 2804 V.
238 2745 320 2803 Ante
345 2741 463 2804 bullam
491 2741 666 2804 Clementis
695 2742 733 2815 Χ,
762 2742 917 2820 Superba,
969 2740 1004 2802 in
1023 2741 1123 2814 legem
1137 2740 1319 2818 generalem
1344 2737 1528 2800 decernitur
1548 2736 1580 2797 in
1597 2743 1658 2797 tam
1675 2752 1757 2812 saepe

127 2839 206 2900 anni
235 2840 333 2913 tono,
362 2857 457 2901 saerae
489 2856 582 2918 cong.
613 2840 734 2903 Concil.
761 2840 919 2900 sententia
970 2841 1024 2902 eit.
1041 2837 1529 2914 ronst.Cletnent.XSuperaa.
1552 2837 1589 2896 Et
1612 2836 1693 2896 ratio
1709 2843 1758 2897 est

128 2936 193 3000 luit
221 2954 385 3017 nunquam
417 2955 511 3016 posse
552 2939 739 3018 episcopum
767 2938 920 3018 approba·
970 2938 1757 3022 qniaregularesjurisdictionemapaputenent.

128 3043 251 3104 tionem
266 3041 710 3120 regularibaslimitarmsed
724 3041 824 3103 teneri
845 3057 919 3101 eum
1011 3044 1068 3105 ΙΧ.
1110 3040 1285 3119 Regulares
1319 3038 1437 3117 praevio
1475 3038 1622 3100 examine
1658 3038 1757 3098 semel

129 3143 180 3206 rel
206 3143 244 3205 ed
268 3141 490 3219 approbandos
523 3143 684 3219 regulares
711 3143 845 3202 idoneos
872 3157 921 3201 re·
973 3139 1136 3218 approbati
1161 3155 1222 3198 non
1250 3145 1382 3214 possunt
1408 3136 1581 3198 abeodem
1604 3135 1757 3214 episcopo

131 3252 250 3319 pertus,
273 3240 322 3302 rel
339 3240 376 3302 ad
391 3255 445 3301 eos
464 3257 525 3301 non
553 3241 686 3302 idoneos
713 3239 917 3318 rejiciendos.
971 3239 1159 3300 examinari.
1174 3239 1237 3314 (Sic
1265 3247 1392 3298 sanctus
1421 3237 1493 3297 Pius
1510 3235 1545 3308 V,
1568 3241 1671 3297 const.
1691 3236 1755 3295 lio-

129 3346 260 3407 Atvero
276 3359 362 3403 sacra
374 3357 483 3420 congr.
497 3341 602 3418 Epise.
620 3350 649 3400 et
667 3341 780 3419 Regnl.
793 3339 920 3401 censuit
970 3340 1055 3400 mani
1071 3339 1247 3418 pontificis,-
1272 3353 1351 3398 sacr.
1379 3352 1488 3414 congr.
1513 3334 1606 3412 Episo
1627 3340 1658 3396 et
1682 3337 1759 3395 Cra-

131 3441 236 3504 teneri
251 3441 438 3519 episcopum
453 3439 626 3516 apaprobare
642 3437 713 3499 sine
730 3437 919 3498 limitatione
971 3459 1055 3502 naas
1080 3443 1121 3511 Χ,
1140 3446 1240 3500 ratast.
1264 3433 1432 3516 superna.)
1454 3438 1521 3498 lmo
1545 3435 1665 3496 nedum
1694 3450 1759 3496 non

133 3540 299 3620 regulares
317 3539 390 3602 illos
407 3557 487 3617 quos
502 3538 694 3616 generaliter
719 3537 854 3598 idoneos
872 3553 921 3597 re·
973 3552 1107 3619 possunt
1138 3541 1176 3600 ab
1208 3541 1322 3602 eodem
1349 3536 1499 3614 episcopo
1535 3535 1652 3596 iterum
1678 3550 1756 3595 exa·

132 3643 216 3720 perit
232 3661 240 3702 ι
255 3657 337 3720 quos
355 3648 461 3701 autem
480 3655 542 3699 nou
555 3639 678 3719 judicat
691 3639 772 3699 adeo
787 3637 919 3699 idoneos
973 3640 1099 3712 minari,
1114 3639 1168 3700 sed
1185 3656 1290 3715 neque
1304 3635 1343 3697 ab
1358 3635 1478 3696 eisdem
1495 3632 1757 3695 confessionibus

130 3755 228 3817 posse
248 3740 297 3802 rel
323 3755 394 3799 oum
419 3737 551 3799 limitata
579 3737 723 3800 lacultate
750 3734 799 3797 vel
830 3736 920 3797 nullu
971 3733 1492 3812 audiendissuspendi,nisinovo
1509 3733 1759 3809 superveniente

132 3838 230 3900 modo
258 3837 446 3918 approbare.
485 3837 546 3898 Sed
580 3837 619 3898 de
655 3835 813 3897 sententia
849 3853 921 3914 qrrae
972 3837 1251 3916 causaquneipsas
1273 3833 1699 3904 conlessionesconcernat,
1726 3842 1760 3890 nt

133 3939 273 4000 liberum
315 3935 432 3997 iaceret
470 3937 622 4014 episcopo
657 3935 919 4014 approbationem
971 3939 1114 4000 decernit
1140 3937 1246 3997 dietus
1271 3934 1419 3996 Clemens
1435 3933 1477 4006 Χ,
1504 3932 1557 3993 cit.
1577 3937 1679 3993 aurtst.
1701 3931 1761 3991 Su·

134 4036 272 4098 limitare
288 4037 382 4098 etiam
398 4035 590 4114 generaliter
604 4035 731 4096 idoneis
744 4053 783 4097 ex
801 4035 917 4111 praevio
967 4051 1078 4116 perata:
1092 4035 1329 4097 interveniente
1342 4046 1445 4095 tamen
1459 4030 1564 4110 aliqua
1579 4029 1759 4093 rationabili

133 4135 283 4197 examine
318 4137 474 4212 repertis,
509 4152 549 4197 ne
582 4134 753 4213 vestigium
787 4134 918 4213 quidem
971 4137 1222 4214 etjnstacausa,
1250 4143 1383 4212 possunt
1405 4132 1444 4193 ab
1471 4132 1584 4192 eodem
1608 4130 1761 4209 episcopo

133 4234 303 4296 invenitur
322 4236 354 4296 in
370 4253 530 4296 sacrarum
546 4255 655 4312 congr.
672 4236 847 4314 Responsis
867 4243 920 4296 ant
971 4235 1123 4312 srrspendi
1145 4242 1236 4311 prout
1253 4233 1360 4294 statuit
1375 4235 1458 4295 idem
1476 4231 1624 4292 Clemens
1639 4229 1677 4288 Χ.

133 4334 320 4412 pontificum
348 4335 645 4410 constitutionibus,
677 4335 920 4398 sireantesive
1011 4339 1053 4398 X.
1081 4335 1226 4408 Quilibet
1258 4342 1363 4394 tamen
1392 4330 1622 4401 confessarius,
1655 4343 1760 4405 quan·

132 4445 207 4511 post
222 4434 341 4495 bullam
357 4435 511 4514 Superata,
525 4451 589 4514 quo
604 4435 658 4513 jus
678 4452 848 4496 commune
865 4435 920 4494 bo·
972 4436 1089 4496 triennis
1116 4435 1286 4514 regularis,
1319 4431 1510 4508 simpliciter
1533 4427 1726 4504 approbatus
1743 4444 1761 4488 a

133 4529 267 4591 diadum
281 4533 392 4610 vigens
406 4533 651 4594 determinatum
668 4535 740 4594 luit.
974 4537 1092 4599 vicario
1111 4536 1252 4614 generali
1279 4531 1439 4610 siliceum,
1466 4535 1570 4609 polest
1595 4529 1761 4590 abeodem

174 4629 631 4711 Vl.lgiturtan'quamcertnm
646 4635 919 4694 nunetenendnm
973 4639 1124 4715 episcopo
1149 4636 1266 4696 iterum
1291 4629 1485 4700 examinari;
1506 4628 1580 4690 item
1604 4629 1762 4706 approbe-

134 4729 274 4802 videtur,
304 4749 367 4794 non
391 4749 484 4812 posse
506 4733 693 4812 episcopum
720 4735 922 4813 approbatio·
973 4735 1077 4797 tusab
1100 4732 1250 4811 episcopo
1272 4739 1490 4796 antecessore,
1518 4725 1760 4808 potestiterum

136 4847 213 4892 nem
244 4830 380 4892 limitare
418 4833 641 4912 regularibus,
681 4851 763 4912 qrros
804 4833 922 4913 reperit
974 4833 1149 4900 examinari
1168 4831 1402 4908 etinutroque
1418 4844 1495 4888 casu
1520 4825 1546 4886 si
1567 4823 1673 4884 tainus
1688 4821 1762 4882 ido·

133 4930 326 5010 generaliter
340 4933 485 5004 idoneos,-
503 4935 576 4995 aliis
593 4951 667 4995 veru
682 4950 743 4995 non
760 4936 838 4997 aden
856 4935 923 4996 ido·
975 4953 1055 5000 neus
1074 4941 1220 5013 repertus
1236 4929 1344 5003 luerit,
1363 4925 1528 5006 reprobari
1545 4924 1583 4985 ab
1609 4922 1762 5000 episcopo

133 5030 206 5092 nais
232 5037 335 5108 potest
363 5033 411 5094 rel
444 5033 612 5094 limitatam
637 5031 841 5103 facultatem.
871 5034 921 5096 rel
974 5039 1015 5099 de
1032 5050 1114 5098 rrovo
1132 5031 1354 5096 examinante.
1379 5026 1443 5102 (Sic
1471 5030 1600 5086 sauctus
1628 5023 1701 5082 Pius
1723 5019 1760 5088 V,

132 5126 255 5188 trullam
279 5129 470 5191 concedere.
499 5127 557 5205 (lix
581 5137 683 5192 const.
707 5129 863 5192 Clement.
879 5133 921 5204 X,
974 5143 1074 5198 const.
1110 5133 1240 5195 Romani
1268 5129 1438 5209 pontilicis,
1469 5136 1500 5187 et
1535 5125 1682 5186 Cauneas
1718 5121 1759 5190 Χ,

131 5227 290 5307 Superata,
312 5238 343 5292 et
371 5229 481 5292 multis
499 5247 579 5293 sacr.
601 5247 711 5310 congr.
736 5229 922 5293 declaratio·
973 5242 1074 5297 const.
1090 5235 1246 5310 Saperaa.
1262 5229 1419 5304 Quamvis
1433 5234 1540 5288 autem
1557 5223 1672 5284 iterum
1689 5234 1763 5279 exa·

133 5326 256 5405 nibus.)
973 5337 1095 5396 minare
1131 5332 1321 5410 approbatos
1356 5328 1479 5406 possint
1506 5321 1671 5402 episcopi,
1695 5333 1760 5379 non

174 5429 242 5491 vlt.
259 5431 379 5510 Nequit
391 5431 576 5495 ordinarius
599 5433 759 5513 denegare
788 5449 921 5495 examen
960 5444 1076 5498 tamen
1093 5435 1130 5495 ad
1146 5433 1204 5492 boc
1222 5429 1329 5507 aliqua
1343 5426 1412 5504 lege
1424 5425 1583 5504 obligante
1597 5424 1759 5491 tenentur,

135 5527 276 5605 regulari
330 5531 507 5595 absolutam
557 5550 614 5612 pro
661 5532 921 5596 confessionibus
973 5553 1045 5596 cunr
1061 5533 1194 5610 allegata
1212 5529 1284 5606 jura
1303 5525 1477 5588 concedant
1493 5524 1540 5585 eis
1557 5519 1688 5598 precise
1704 5532 1761 5596 po·

134 5627 399 5704 approbationem
430 5634 617 5710 postulanti,
646 5644 677 5697 ct
709 5635 757 5698 vel
787 5635 919 5707 nnllam,
974 5633 1102 5696 tentiam
1120 5627 1354 5700 lacultetivem,
1379 5633 1410 5686 et
1433 5622 1523 5685 nullo
1553 5619 1646 5682 modo
1671 5631 1760 5678 coar·

138 5725 186 5786 rel
204 5727 370 5792 limitatam
399 5732 551 5795 duntaxat
570 5735 835 5813 approbationem
846 5713 921 5797 con·
972 5731 1176 5802 stativarum
1190 5723 1354 5805 ealegenti
1370 5730 1484 5803 petet.»
1501 5721 1653 5797 (Fannia.
1671 5713 1756 5778 verb.

135 5823 270 5903 cedero;
287 5829 344 5892 sed
368 5837 493 5894 tenetur
510 5831 918 5914 episcopuspostulantcm
973 5830 1255 5912 approbabant.
1275 5827 1302 5902 1,
1320 5843 1350 5888 n.
1371 5815 1409 5886 te
1424 5823 1462 5886 ad
1478 5820 1541 5900 53.)
1766 5811 1769 5819 '
