4046 6460
265 479 319 544 ³³5

265 593 398 656 eosdem
413 590 542 653 iudans
564 603 583 651 a
603 583 794 652 Christianis
816 590 1000 646 servaretur
1024 582 1056 640 ct

265 692 397 756 libertas
419 687 525 754 cultus
545 683 677 752 Massici
696 682 844 766 ipsismet
865 681 988 746 iudeis
1002 696 1055 742 ra·

264 789 466 856 tinnabiliter
482 787 722 870 relinqueretur
739 791 771 849 et
786 783 883 848 etiam
907 789 1056 868 protege·

265 898 357 955 retur
378 887 568 952 canonibus.
651 925 653 928 -

304 989 460 1054 Probatur
475 987 579 1069 prima
595 1003 687 1064 pars,
703 1005 745 1049 ex
767 984 862 1048 titulo
884 1002 915 1047 rt
934 983 980 1046 De
998 981 1058 1044 Ju-

265 1088 353 1167 daie,
363 1089 529 1152 Saracenis
546 1095 576 1149 et
590 1105 697 1150 eornm
711 1087 827 1161 servis,
850 1084 907 1147 lib.
926 1103 947 1148 r
965 1084 1055 1146 Decr.

265 1207 333 1270 cap.
343 1189 498 1253 Prosenti
508 1191 538 1267 l,
549 1187 686 1270 quodsic
700 1195 876 1250 summetur
885 1207 896 1248 .·
905 1184 941 1247 Si
950 1200 1058 1246 anons

264 1289 405 1352 adadun
426 1298 547 1371 emptus
562 1307 658 1352 causo
675 1287 871 1351 mercimonii
892 1286 996 1365 factus
1012 1292 1058 1346 est

264 1387 313 1450 vel
328 1387 398 1466 heri
414 1386 572 1451 desiderat
587 1386 799 1459 Christianus,
817 1403 878 1464 pro
894 1381 1057 1444 duodecim

265 1485 377 1549 solidis
389 1487 567 1551 redimitur.
584 1487 659 1566 Cap.
677 1485 853 1550 Multorum
869 1485 890 1546 2
905 1501 912 1545 :
928 1481 1057 1546 Judaus

267 1587 486 1653 Christianum
514 1587 549 1649 in
572 1605 695 1649 sernum
721 1585 834 1650 hahere
854 1603 920 1646 non
939 1590 1058 1664 potest,

265 1687 300 1750 in
329 1687 548 1767 ascriptitium
581 1671 637 1749 s⁸eu
669 1687 815 1748 colonum
839 1703 913 1746 cero
940 1693 1055 1764 potest.

267 1789 342 1868 Cap.
358 1789 465 1851 Iudai
485 1789 516 1852 ὅ.
534 1789 813 1852 Eaeommunicori
834 1787 944 1850 dehent
966 1787 1058 1851 Chri·

265 1888 379 1966 stt'ani,
394 1889 448 1969 qui
466 1889 500 1951 in
515 1888 605 1951 domo
618 1890 759 1952 serviunt
774 1887 911 1962 iudeis,
932 1887 981 1950 rel
1002 1887 1059 1949 So·

265 1990 402 2064 roconis,
421 1989 468 2051 uel
481 1989 627 2068 poponis.
655 1989 699 2050 Ei
712 1989 877 2068 principes
893 1985 1058 2048 saculares

267 2086 536 2148 excommunicari
568 2083 691 2163 dehent,
714 2087 770 2166 qui
795 2083 922 2147 Jndceos
952 2083 1058 2164 hapti·

266 2196 354 2248 salos
378 2188 444 2249 suis
472 2189 563 2251 honis
587 2188 728 2268 spoliare
749 2194 956 2268 presumeret.
981 2187 1056 2265 Cap.

265 2286 316 2350 Ad
339 2289 401 2352 hee
425 2291 455 2352 8.
481 2291 521 2351 In
541 2289 698 2369 familiari
712 2289 842 2352 servitio
863 2287 1056 2363 iudeorum,

266 2387 442 2450 Christiani
463 2406 526 2448 esse
542 2406 607 2448 non
622 2386 749 2464 dehent,
775 2405 831 2449 nec
847 2387 939 2448 etiam
954 2385 1056 2447 obete-

266 2489 362 2553 trioes
382 2499 410 2551 et
425 2490 566 2551 nutrices
587 2489 724 2570 insontes
738 2487 922 2549 iudeorum
948 2487 982 2549 in
1002 2505 1057 2547 eo·

265 2607 338 2652 rum
357 2589 500 2652 domibus
521 2589 647 2652 nutrire
666 2595 870 2669 presumant.
891 2587 1060 2666 Cupidini

266 2687 406 2763 Judteos,
430 2688 468 2750 13
486 2708 496 2748 :
512 2687 617 2751 sudes·
640 2689 792 2764 nutrices,
813 2685 862 2749 ael
890 2687 1059 2750 servientes

266 2786 464 2848 Christianos
489 2785 602 2848 hahere
625 2805 689 2848 non
712 2785 842 2858 debent,
869 2795 980 2849 contro
1005 2789 1057 2868 so·

266 2885 419 2948 aientibus
431 2885 636 2949 interdicitur
648 2886 899 2950 Christianorum
911 2903 1060 2948 commer-

266 2985 359 3047 sinm.
381 2986 456 3063 Cap.
473 2985 564 3049 Nulli
583 2985 620 3048 tn
635 3009 643 3048 e
661 2985 753 3052 Nulli
776 2987 886 3048 dudeco
912 2985 1057 3065 baptiza-

267 3095 334 3146 tum
347 3082 395 3146 ael
410 3084 570 3165 baptizari
592 3085 746 3146 uolentem
761 3103 857 3146 emere
881 3085 986 3160 liceat,
1010 3085 1059 3146 ecl

266 3185 302 3246 s'n
314 3203 372 3245 suo
387 3185 516 3247 seruitio
531 3187 677 3247 retinere.
694 3186 731 3248 Et
745 3183 893 3265 haejura
909 3185 969 3248 lala
982 3192 1059 3248 sunt

267 3301 308 3348 ne
326 3285 427 3348 ludoe'i
446 3284 670 3360 contumeliae,
686 3284 824 3366 injurias
843 3292 953 3349 eontra
969 3283 1061 3350 Chri-

266 3390 352 3446 stum
367 3392 399 3446 et
414 3384 604 3464 religionem
621 3383 847 3461 Christianam,
863 3394 895 3448 et
907 3385 970 3450 alia
984 3401 1060 3449 con·

266 3491 314 3547 tra
328 3483 423 3548 edem
446 3481 634 3549 catholicam
650 3483 852 3548 detestabilia
866 3492 897 3549 et
912 3484 1059 3549 inaudita

266 3575 522 3662 committerent,
537 3595 573 3651 nt
595 3604 748 3668 expresse
767 3587 903 3649 habetur
927 3587 962 3650 in
987 3603 1056 3668 cap.

265 3685 341 3749 Etsi
355 3684 496 3764 Judaos,
512 3687 568 3751 cit.

306 3784 461 3848 Probatur
484 3787 627 3849 secunda
652 3802 736 3865 pers,
759 3786 845 3868 qnod
861 3785 984 3850 seilicet
998 3785 1058 3850 Ec·

266 3882 365 3946 alesia
380 3885 504 3948 curarit
522 3896 557 3948 ut
567 3885 694 3965 justitia
713 3902 790 3966 erga
804 3885 933 3950 iudans
952 3902 1060 3950 serra-

267 3994 367 4058 retur,
389 3993 420 4046 et
436 3983 568 4049 libertas
583 3987 634 4050 sui
652 3987 759 4050 cultus
780 3987 861 4068 ipsis
888 3984 1057 4068 relinqua·

269 4090 368 4146 retur.
395 4085 443 4145 Ex
463 4084 537 4147 eod.
561 4085 610 4147 tit.
638 4103 670 4148 rr
693 4093 724 4148 et
746 4085 804 4149 lib.
827 4105 858 4160 v,
878 4103 948 4167 cap.
967 4086 1058 4152 Siout

267 4182 371 4243 sudes·
381 4181 411 4256 9,
425 4181 469 4244 ibi
484 4179 620 4246 :Nullus
632 4185 724 4247 stiam
738 4183 939 4248 Christianus
951 4201 1058 4246 eornm

796 467 910 534 itittts
925 465 1102 530 cruentet
1124 463 1389 524 uttttt’lonvtutt.

1847 461 1908 522 atta

1109 559 1326 653 satisfactione
1346 573 1535 634 eorrexerit.
1562 573 1715 636 eratum
1736 569 1813 652 jura
1833 583 1906 634 sta-

1106 680 1212 737 tutum
1227 672 1290 736 init
1304 680 1339 735 ut
1357 671 1461 735 iudai
1483 670 1633 752 antiquas
1647 687 1830 752 synagogas
1848 691 1908 736 re-

1108 774 1222 849 tinere,
1250 780 1280 836 et
1297 779 1421 838 veteres
1444 772 1476 835 in
1501 771 1642 850 priorem
1661 779 1781 837 statum
1802 771 1909 836 relar-

1107 887 1195 933 mare
1212 871 1337 950 possint
1347 891 1356 947 ;
1368 870 1425 934 sed
1438 886 1537 934 noras
1549 868 1674 951 erigere
1687 885 1751 934 nan
1764 870 1906 950 possint.

1107 970 1156 1051 (C.
1182 969 1287 1034 Iudai
1307 972 1343 1048 3,
1367 979 1397 1035 et
1417 987 1445 1034 c.
1461 971 1630 1036 Consuluit
1654 974 1694 1046 ³1,
1719 971 1827 1036 elusa.
1852 971 1907 1034 tit.

1108 1077 1139 1134 et
1155 1071 1226 1154 lib.)

1148 1171 1416 1236 Conclndcndnm
1445 1187 1523 1252 ergo
1543 1169 1724 1234 Ecclesiam
1752 1187 1907 1250 persnas

1108 1270 1197 1351 leges
1213 1287 1340 1353 semper
1356 1272 1522 1336 curavisse
1540 1279 1573 1336 ut
1588 1271 1691 1334 ludaei
1711 1269 1908 1344 Christianis

1109 1387 1175 1434 non
1191 1380 1355 1448 nocerent,
1384 1380 1414 1436 et
1440 1372 1584 1437 vicissim
1612 1381 1647 1436 nt
1673 1389 1748 1454 erga
1769 1374 1908 1436 tudacs

1105 1472 1232 1551 justitia
1252 1481 1282 1536 et
1303 1472 1356 1538 lex
1374 1475 1529 1538 naturalis
1551 1481 1736 1537 servaretur
1755 1482 1787 1536 at
1811 1471 1909 1553 ipsis·

1109 1577 1175 1634 met
1188 1572 1310 1637 ludaeis
1323 1573 1453 1638 libertas
1467 1575 1575 1638 cultus
1587 1574 1720 1637 mosaici
1737 1573 1909 1655 relinque·

1110 1682 1210 1749 retur,
1226 1683 1257 1736 et
1272 1675 1355 1755 ipsis
1368 1675 1509 1739 liberum
1528 1684 1614 1739 esset
1630 1677 1725 1739 iidem
1748 1673 1908 1739 Christia-

1109 1789 1181 1835 nam
1200 1775 1380 1856 suscipere.
1393 1779 1468 1841 lirae
1481 1778 1654 1841 deluderis
1669 1785 1701 1841 et
1714 1777 1908 1840 infidelibus

1110 1876 1333 1955 teniptoraliter
1348 1878 1505 1962 subjectis
1520 1880 1673 1943 Ecclesia
1691 1887 1724 1942 et
1747 1877 1908 1960 principi·

1110 1977 1170 2039 ltus
1187 1976 1389 2040 Christianis.

1109 2141 1206 2202 Conon.
1222 2144 1266 2201 ΙΙΙ.
1279 2171 1316 2186 -
1329 2149 1425 2211 Quoad
1439 2146 1555 2216 infideles
1573 2156 1597 2202 et
1614 2147 1722 2203 ludaeos
1735 2161 1788 2201 non
1803 2156 1908 2215 tempo·

1180 2215 1275 2270 roliter
1289 2215 1420 2286 subjectos
1432 2217 1557 2272 Ecclesia
1568 2234 1615 2273 seu
1626 2219 1684 2288 ejus
1697 2217 1832 2272 mentiris.

1150 2351 1175 2412 l.
1191 2352 1238 2412 Ex
1258 2351 1422 2430 Enganna,
1445 2351 1646 2426 innocentio,
1667 2355 1705 2417 Il.
1733 2354 1856 2419 Thema
1875 2365 1909 2419 et

1109 2448 1195 2523 aliis,
1212 2458 1248 2513 ut
1273 2451 1509 2530 supradictum
1528 2453 1655 2534 est,·J'ns
1678 2461 1708 2516 et
1729 2454 1908 2537 obligatio-

1109 2563 1185 2610 nem
1208 2547 1303 2610 habct
1327 2549 1470 2612 Ecclesia
1495 2549 1685 2630 hujusmodi
1712 2553 1909 2618 infidelibus

1114 2645 1331 2726 Evangelium
1350 2648 1558 2726 predicandi,
1574 2657 1605 2712 et
1624 2651 1699 2714 ideo
1717 2674 1732 2708 ι
1751 2654 1905 2717 mandere

1110 2756 1216 2827 potest
1237 2763 1332 2826 papa,
1356 2747 1559 2824 infidelibus,
1576 2757 1611 2812 nt
1634 2751 1806 2815 admittant
1826 2770 1908 2831 pra·

1109 2847 1268 2912 directores
1293 2849 1460 2928 Evangelii
1483 2849 1518 2912 in
1543 2851 1638 2914 terris
1661 2868 1731 2917 snae
1765 2852 1907 2932 jurisdi-

1109 2946 1256 3012 tionis...
1281 2948 1364 3010 Etsi
1387 2947 1452 3030 ipsi
1476 2947 1650 3027 prohibent
1676 2951 1905 3029 predicatores

1110 3045 1298 3126 predicare,
1318 3053 1448 3125 peccam
1469 3054 1579 3110 cantra
1599 3050 1718 3124 Deum,
1743 3058 1777 3113 et
1797 3052 1906 3132 legam

1115 3153 1250 3222 natura,
1266 3153 1298 3210 et
1323 3146 1400 3210 iden
1423 3147 1533 3226 puniri
1559 3156 1707 3228 possunt.
1734 3153 1770 3214 ln
1794 3153 1905 3215 omni·

1109 3245 1170 3310 bus
1189 3252 1297 3310 autem
1324 3245 1484 3327 predictis
1506 3247 1649 3325 casibus,
1673 3258 1705 3315 et
1727 3251 1814 3326 aliis,
1843 3252 1900 3316 nbi

1110 3345 1186 3409 licet
1196 3363 1287 3426 papas
1299 3345 1425 3428 aliquid
1437 3348 1601 3424 mandare,
1612 3349 1641 3412 si
1651 3363 1717 3413 non
1731 3351 1901 3428 obediant,

1108 3446 1324 3527 compellendi
1343 3455 1420 3512 sunt
1432 3446 1564 3512 bracltio
1579 3451 1739 3528 seculari,
1762 3460 1794 3515 et
1811 3453 1902 3518 indi-

1109 3544 1248 3608 cendum
1270 3552 1320 3608 est
1335 3544 1458 3608 bellum
1478 3563 1535 3625 per
1552 3564 1681 3628 papam,
1704 3557 1737 3614 et
1752 3551 1818 3614 nnn
1844 3569 1903 3633 per

1107 3645 1214 3721 alios,
1245 3645 1301 3709 ubi
1326 3645 1401 3728 quis
1427 3647 1563 3728 dejure
1587 3665 1649 3713 suo
1673 3653 1855 3716 contendit.
1885 3675 1902 3710 ι

1109 3747 1268 3828 (Etanna.
1287 3745 1410 3827 supra.)

1148 3869 1189 3930 il.
1207 3867 1286 3930 ltem
1300 3866 1329 3928 si
1344 3865 1494 3930 infideles
1511 3869 1787 3946 persecutionem,
1809 3887 1897 3935 mor·

1109 3975 1173 4029 tem
1202 3965 1353 4029 fidelibus
1375 3963 1567 4029 Christianis
1590 3967 1656 4029 sibi
1676 3969 1902 4048 temporaliter

1107 4065 1263 4147 subjectis
1280 4065 1420 4129 inierant
1429 4081 1439 4141 3
1452 4065 1481 4129 si
1496 4067 1571 4130 lidai
1591 4075 1623 4130 et
1638 4066 1900 4134 catholicareli·

1107 4167 1216 4248 glanis
1232 4165 1412 4229 libertatem
1430 4166 1555 4229 eisdem
1572 4165 1722 4230 fidelibus
1737 4170 1901 4246 auferant,

269 4280 489 4361 (intimorum)
515 4281 680 4362 quemlibet
704 4280 907 4364 sinsindicio
928 4293 1058 4347 terrestre
1104 4268 1178 4350 jura
1198 4265 1337 4331 ssillliflli
1353 4273 1383 4330 ⁹¹
1400 4264 1514 4330 ‘filins’
1526 4273 1632 4346 POlisl
1645 4284 1739 4348 Pflhfls
1757 4269 1785 4332 Si
1803 4287 1902 4351 0¹9⁰·

265 4385 433 4461 potcstatis
446 4382 496 4444 uel
505 4383 658 4460 occidere,
671 4386 720 4448 oel
729 4385 907 4461 vulnerare,
923 4386 973 4448 ael
983 4403 1057 4449 suas
1107 4365 1413 4446 dlelliludlffllflllls
1423 4374 1533 4429 cmliii
1544 4366 1731 4446 h⁰j⁰⁸ffl⁰di
1744 4387 1898 4449 Ρθΐδθῦῑῑ·

267 4485 416 4560 muni„
431 4486 558 4564 „sp-,0
567 4493 752 4566 pamma,
770 4495 826 4548 αα,
841 4485 954 4562 pm,
980 4503 1057 4566 qua,
1107 4477 1193 4529 sores
1208 4472 1240 4530 et
1256 4473 1411 4546 tyrannos
1431 4465 1580 4529 infideles
1595 4467 1741 4532 indicere
1757 4467 1894 4532 bellum.

267 4589 415 4648 hactenus
426 4584 591 4647 habuerint
606 4585 858 4662 consuetudines,
871 4588 1057 4649 immutare:
1107 4569 1184 4630 ΝΜ]
1206 4567 1247 4631 (Ῑθ
1269 4565 1345 4646 5⁰¹⁰
1370 4567 1510 4631 ”alumi
1532 4565 1658 4630 fielium
1684 4576 1734 4630 ⁰⁵¹
1757 4567 1897 4650 ”simili

264 4687 1057 4768 presertiminfestioitatnmsunrumcelebratione
1107 4666 1230 4730 bellum
1249 4666 1355 4730 f⁸⁰⁰l⁰
1373 4667 1414 4730 ⁸⁶
1436 4667 1700 4748 lli⁰il¹¹¹⁸⁸¹¹d⁸fflr
1722 4669 1773 4733 Ἴθι
1791 4668 1899 4733 lindi·

267 4786 429 4864 puisqtsnm
438 4783 578 4864 [ustibus
589 4783 638 4844 nel
649 4782 806 4864 lapidibus
817 4785 1056 4848 eosnullntenus
1080 4856 1083 4864 ,
1106 4768 1240 4832 fflssdfiffl
1255 4765 1410 4847 inlufiiffl
1426 4767 1488 4830 ilbi
1502 4777 1557 4832 ⁸¹¹²
1572 4768 1642 4831 ⁵⁰53
1660 4769 1786 4834 fflsslflffl·

267 4881 443 4962 perturbet,
458 4900 555 4962 neque
569 4881 684 4964 aliquis
698 4882 736 4944 ah
749 4885 793 4944 et's
804 4893 913 4946 coacta
928 4885 1058 4948 servitia
1146 4885 1201 4948 tit.
1233 4884 1293 4948 Sed
1319 4883 1435 4965 naduit
1452 4883 1608 4957 Ecclesia,
1636 4902 1676 4948 ex
1715 4885 1896 4950 rationibus

268 4987 387 5061 enipot,
398 4984 539 5062 nisique
551 4983 616 5062 ipsi
627 4991 764 5062 tempore
778 4983 940 5062 preterito
953 4985 1057 5064 [neers
1107 5000 1205 5065 snpra
1217 4983 1337 5062 allatis,
1349 4999 1465 5063 cogere
1484 4983 1632 5047 infideles
1653 4999 1717 5047 non
1732 4991 1893 5064 tempora-

268 5083 634 5148 consumerunt.·hdhoc
646 5081 1058 5166 melorumhominumpro·
1107 5084 1357 5167 litarsnbjeetos
1376 5084 1593 5165 nonamplius
1612 5102 1709 5166 qnam
1730 5085 1894 5167 snbj0ctos

266 5186 361 5246 vitati
379 5192 407 5245 ct
424 5184 568 5247 auaritia
599 5183 775 5259 ohoiantes,
799 5183 995 5248 decernimus
1018 5197 1056 5250 ut
1105 5187 1144 5251 ad
1161 5187 1253 5250 iidem
1278 5183 1491 5250 Christianam
1508 5184 1770 5265 suscipiendam
1788 5203 1894 5266 neque

266 5301 354 5346 nemo
380 5286 585 5347 caemeterium
613 5282 796 5346 ludaornm
823 5285 970 5348 mediare
999 5297 1055 5350 out
1106 5287 1202 5352 etiam
1230 5285 1271 5350 etl
1299 5285 1498 5351 deserendos
1523 5302 1650 5350 errores
1666 5285 1893 5367 cantralegem

268 5385 413 5446 incedere
437 5383 562 5458 nudent,
586 5385 650 5446 sive
678 5384 805 5448 obtentu
826 5389 968 5466 pecunia
986 5405 1057 5450 cor·
1107 5384 1801 5450 naturalemaseadmissos.UndeNieolans
1816 5401 1893 5465 papa

257 5493 345 5564 ‘pora
356 5488 483 5550 humata
494 5485 1057 5570 effodere.Sipnisoutemhujusmodi
1105 5489 1144 5552 ad
1155 5486 1436 5568 interrogationem
1452 5487 1663 5566 Bulparornm
1679 5483 1893 5564 respondens,

267 5587 383 5648 decreti
398 5595 506 5649 tenore
519 5587 644 5666 capnito
661 5585 756 5667 (qaod
772 5587 878 5668 obsiti)
894 5591 1056 5653 contraire
1105 5591 1188 5656 dixit
1202 5607 1210 5651 :
1225 5589 1268 5651 ns
1281 5589 1322 5652 iis
1341 5589 1396 5668 qni
1411 5587 1508 5650 idolis
1528 5586 1693 5650 immolent
1709 5585 1792 5650 nihil
1805 5583 1891 5648 aliud

266 5689 513 5770 presumpserit,
525 5687 654 5750 honoris
667 5694 696 5747 et
708 5688 806 5766 ospicii
816 5689 1056 5769 suiperioulum
1106 5691 1207 5755 dicere
1228 5705 1394 5768 possumus
1426 5687 1491 5749 nisi
1515 5685 1599 5767 qnod
1629 5687 1754 5748 ratione
1780 5686 1890 5766 potius

266 5788 424 5868 potiatur,
455 5795 512 5847 out
540 5787 872 5848 eacontmunicationis
899 5791 1055 5852 sententia
1105 5807 1198 5871 quam
1217 5788 1251 5848 oi
1277 5784 1481 5848 convincendi
1504 5791 1590 5847 sunt.
1608 5783 1750 5864 ldenque
1780 5783 1890 5863 nequii

263 5884 437 5968 plectatur,
455 5885 521 5948 nisi
542 5887 818 5990 praeumptionem
839 5904 928 5951 sunm
956 5889 1053 5971 diona
1107 5888 1251 5957 Ecclesia
1264 5885 1530 5970 legeslerrequa
1546 5885 1648 5968 ligant
1662 5885 1890 5966 inuadendos

1937 911 1946 942 ἱ
