4042 6458
318 357 373 422 tta
832 347 944 414 tutus
956 341 1135 410 CANONICI
1152 340 1411 408 conannbtdn.
1876 351 1918 420 m

319 463 463 530 obeundo
495 461 579 526 nulli
620 459 709 526 ciuili
742 460 897 541 potestati
931 457 1102 538 subjacent.
1158 458 1228 516 tum
1259 460 1291 518 et
1323 451 1546 534 independens
1572 467 1590 516 a
1616 469 1808 536 qnacnnqna
1845 459 1918 528 civili

320 561 573 642 (litteroeepeat.
587 559 646 622 SS.
660 558 697 621 P.
712 557 767 620 Pii
780 558 829 620 tlt
839 558 917 620 Cum
937 553 1103 629 catholieo,
1159 557 1332 630 potestate,
1357 567 1430 614 curn
1456 549 1597 612 declaret
1620 567 1656 614 ee
1679 567 1746 616 non
1772 557 1865 619 teneri
1888 563 1919 624 ad
1964 625 1968 640 ,

318 661 474 726 idilartii
492 657 593 740 tado.)
609 659 673 724 llec
687 657 782 722 etiam
798 657 831 722 in
848 655 917 720 sois
935 653 1042 718 causis
1057 651 1104 715 ci·
1159 650 1313 715 solvenda
1325 651 1444 716 tributa
1461 652 1594 732 regibus
1609 661 1717 729 terrm,
1733 661 1919 740 consequitur

320 758 442 824 vilibus
459 766 491 822 et
506 756 750 838 temporalibus.
1158 751 1247 832 quod
1262 749 1409 816 Christus
1423 770 1474 817 res
1490 753 1681 834 temporales
1695 755 1808 821 hebuit
1821 767 1849 822 et
1863 779 1921 840 poe

270 887 276 894 ·
358 859 399 926 V.
423 857 548 924 liedda
566 864 614 922 est
632 855 883 940 quodcbristus
902 855 971 916 llex
992 866 1105 932 regum
1158 847 1241 911 sedit
1271 856 1421 931 tanquam
1450 850 1600 932 princeps
1621 870 1794 930 supremus
1816 863 1844 922 et
1866 878 1920 926 sce

318 964 459 1024 aterum
477 972 496 1021 a
513 954 689 1036 semetipso
706 952 818 1018 babuit
842 958 874 1016 et
898 951 994 1016 hebet
1010 958 1105 1014 aeter·
1158 945 1309 1012 Eeclesire
1334 947 1557 1028 independens
1579 953 1763 1017 monarcha.

318 1073 393 1123 nam
408 1072 445 1122 ac
457 1069 641 1136 supremam
658 1060 844 1136 potestatem
860 1050 994 1132 rependi
1008 1051 1104 1116 etiam
1197 1047 1352 1113 Praeterea
1369 1049 1543 1114 Ecclesiam
1562 1068 1653 1115 suem
1672 1061 1827 1134 perpetuo
1843 1057 1920 1126 dura-

318 1154 540 1237 temporaliter
554 1159 586 1218 et
600 1151 737 1216 civiliter
760 1149 933 1214 Ecclesiam
947 1166 1049 1214 suam.
1158 1155 1262 1212 turam
1281 1157 1432 1230 tanquam
1457 1167 1591 1231 regnum
1613 1167 1711 1214 suum
1726 1150 1761 1215 in
1776 1155 1862 1220 terris
1881 1161 1919 1221 vi-

357 1256 413 1321 lll.
437 1252 583 1317 cbristus
609 1270 666 1334 per
693 1251 892 1332 prophetiam
916 1263 947 1314 et
972 1253 1105 1330 liguram
1158 1248 1254 1314 sibile
1271 1255 1302 1313 et
1326 1266 1515 1330 corporeum
1538 1249 1708 1321 lundavit.
1724 1259 1755 1314 et
1779 1257 1920 1320 cernetituit
1981 1291 1982 1350 p

318 1357 382 1425 sibi
415 1354 605 1438 preparavit
629 1353 802 1434 specialem
831 1352 952 1432 regiam
978 1361 1104 1428 tempo·
1158 1347 1276 1410 camin
1297 1346 1480 1412 societatem
1503 1345 1919 1429 periectametabomnici·
1981 1397 1982 1444 3

318 1456 417 1521 nalem
433 1452 630 1534 civilemque
646 1457 834 1532 potestatem
851 1450 1063 1516 exercendam
1086 1467 1105 1515 a
1158 1447 1217 1510 vili
1242 1455 1396 1526 potestate
1415 1447 1700 1526 independentem.
1722 1449 1795 1512 leta
1808 1455 1918 1520 conclu·
1981 1449 1982 1476 ³

318 1556 494 1634 semetipso
513 1553 547 1616 in
569 1569 669 1633 regno
688 1567 748 1616 suo
767 1550 930 1624 terrestri,
946 1550 1104 1630 quodcst
1157 1546 1267 1610 siones
1293 1546 1333 1612 ad
1359 1547 1454 1610 fidem
1486 1547 1657 1624 pertinent.
1690 1549 1776 1628 Ergo
1800 1550 1918 1618 Christus

319 1655 475 1720 recolesia.
492 1653 561 1736 (nd
586 1654 681 1718 tidem
703 1651 843 1734 pertinet
868 1669 909 1714 ex
932 1649 1103 1731 scripturis
1156 1647 1332 1712 Ecclesiam
1346 1665 1438 1712 suam
1452 1648 1542 1712 omni
1558 1655 1715 1726 potestate
1736 1652 1918 1731 spiritualia

319 1751 457 1835 sacris.)
1157 1749 1245 1812 civili
1267 1751 1307 1815 ad
1331 1768 1401 1815 eam
1427 1752 1599 1832 regendam
1617 1753 1800 1820 necessaria
1815 1760 1917 1826 munire

358 1854 427 1918 vlt.
446 1852 592 1917 cbristus
605 1852 717 1916 vivens
730 1850 762 1914 in
775 1850 868 1913 terris
879 1866 970 1914 suam
983 1848 1103 1930 regiam
1156 1847 1279 1911 debuit.
1296 1849 1439 1930 ideoque
1455 1871 1465 1912 r

317 1958 507 2032 potestatem
524 1951 654 2016 civilem
680 1959 713 2014 et
736 1950 944 2030 temporalem
968 1967 1025 2029 per
1043 1967 1102 2012 su·
1195 1948 1252 2012 lx.
1287 1949 1517 2012 sanctissimus
1543 1951 1689 2030 pontifex
1718 1954 1871 2020 Romanus
1893 1959 1917 2024 in

316 2069 446 2133 premas
457 2060 488 2122 et
502 2051 658 2118 maximos
675 2051 840 2132 potestatis
853 2058 942 2116 actus
957 2049 1103 2116 exercuit
1155 2044 1249 2110 beato
1266 2047 1363 2110 Petro
1377 2048 1499 2128 accepit
1515 2049 1642 2130 abipso
1657 2051 1783 2118 christo
1803 2053 1918 2132 plenitu-

317 2153 428 2236 (certo
451 2169 492 2216 ex
515 2149 724 2234 scripturis).
751 2154 790 2216 Et
818 2153 848 2214 1.
874 2151 1103 2236 constituendo
1155 2146 1265 2210 dinem
1283 2164 1351 2211 sum
1366 2148 1462 2230 regite
1482 2151 1648 2230 potestatis
1674 2153 1771 2218 etiam
1793 2154 1917 2222 civillset

316 2250 492 2316 Ecclesiam
509 2269 600 2317 suam
617 2269 690 2315 cum
706 2250 800 2330 plena
816 2257 971 2332 potestate
987 2257 1104 2316 semet·
1156 2247 1341 2328 temporalis
1354 2265 1455 2332 super
1469 2269 1606 2332 regnum
1622 2252 1704 2330 Dei,
1719 2254 1804 2334 qnod
1820 2264 1862 2320 est
1874 2261 1917 2322 lie

316 2353 419 2431 ipsam
436 2360 504 2415 tum
520 2353 809 2434 spiritualitertum
821 2351 962 2414 civiliter
975 2358 1007 2414 et
1024 2358 1104 2414 tem·
1156 2343 1275 2420 etesia.
1292 2347 1481 2412 exercenda
1503 2350 1630 2430 (certa)
1652 2369 1693 2416 ex
1712 2351 1881 2434 Scriptum,
1894 2363 1917 2418 et

314 2452 467 2534 poraliter
491 2453 624 2534 regendi
647 2460 677 2516 et
697 2452 910 2534 gubernandi.
930 2483 969 2497 -
987 2454 1018 2515 2.
1041 2454 1103 2516 lte·
1157 2461 1198 2508 ex
1211 2446 1333 2510 Nicolai
1354 2450 1611 2530 capuensem
1632 2452 1917 2534 llicbaeleminpe-

315 2547 465 2614 clerando
481 2567 516 2614 se
538 2559 567 2613 et
583 2545 759 2614 Ecclesiam
774 2566 865 2614 suam
884 2548 1048 2612 immunes
1062 2547 1103 2613 ab
1156 2548 1358 2622 retorem,ibi
1370 2549 1532 2613 :cbristus
1543 2550 1735 2617 lectoPetro
1745 2555 1917 2618 nitentem

318 2645 868 2728 omniregumterraejuristlictinne
884 2648 1102 2724 etexautiono,
1156 2647 1311 2726 elcoipero
1334 2651 1452 2712 terreni
1477 2650 1601 2712 scilicet
1618 2660 1648 2713 et
1669 2654 1800 2715 calestia
1815 2656 1916 2734 imperii

315 2745 459 2826 quadret
475 2745 511 2810 dc
525 2746 584 2827 fide
600 2767 639 2811 ex
654 2748 857 2812 damnatione
872 2747 1102 2828 propositionis
1148 2747 1230 2828 juro
1244 2749 1407 2811 commisit.
1420 2751 1457 2810 Et
1472 2766 1540 2830 cap.
1554 2752 1590 2814 Si
1603 2754 1744 2834 [rutrum
1758 2754 1840 2818 unio.
1853 2755 1916 2818 titv

315 2847 452 2910 blaesilii
468 2849 609 2912 Patavini
626 2857 657 2912 et
672 2849 805 2912 ioannis
822 2849 862 2914 de
874 2847 1023 2912 landono
1047 2865 1103 2928 per
1156 2850 1596 2927 exereveg.toenniexx11,
1613 2851 1647 2917 in
1666 2869 1733 2932 qua
1746 2853 1792 2918 sic
1808 2853 1915 2918 babetur
1982 2871 1983 2916 ἢ

315 2947 472 3009 loannem
489 2949 593 3022 xxlt,
606 2945 705 3029 hujus
718 2948 862 3012 tenorisr
879 2947 1002 3020 alliud,
1015 2948 1102 3029 quod
1156 2963 1341 3026 expirasse:
1363 2948 1444 3011 Sene
1460 2951 1495 3013 in
1512 2960 1654 3014 nostrum
1674 2962 1707 3015 at
1727 2956 1855 3035 [rutrum
1872 2967 1933 3016 m··

316 3045 356 3107 de
377 3045 502 3108 Christo
523 3047 642 3127 legitur
666 3048 699 3110 in
723 3046 898 3126 Evangelio
920 3047 1002 3110 beuti
1023 3049 1103 3110 llat-
1156 3053 1296 3119 atroreem
1325 3046 1491 3111 deductum
1521 3058 1567 3112 eet
1605 3049 1712 3133 (somn
1745 3052 1913 3133 dionlpentel

315 3139 411 3220 thoei,
442 3147 528 3226 quod
558 3147 628 3225 ipse
656 3141 752 3210 solvit
778 3148 934 3213 tributum
965 3146 1101 3224 deseri,
1155 3145 1318 3221 notitiem,
1334 3146 1419 3227 quod
1433 3147 1505 3210 lieet
1519 3148 1556 3210 de
1569 3151 1647 3230 jure
1665 3151 1710 3214 sit
1731 3151 1879 3231 liquidum,
1893 3162 1913 3214 et

315 3245 444 3322 quando
468 3253 616 3309 staterem
640 3255 805 3328 sumptum
834 3266 875 3313 ex
898 3265 954 3313 orn
979 3249 1100 3328 piscis,
1156 3244 1193 3306 nb
1210 3243 1285 3308 olim
1298 3247 1398 3326 {uerit
1412 3247 1595 3312 inconcusse
1611 3261 1780 3325 serentum,
1795 3251 1914 3330 prodeo

314 3340 406 3418 illis,
421 3343 478 3422 qui
501 3344 650 3422 petebant
671 3346 876 3422 didrachma,
894 3347 993 3430 jussit
1009 3348 1100 3423 dari,
1156 3355 1244 3408 conte
1263 3347 1395 3427 imperio
1400 3391 1461 3412 .....
1478 3367 1548 3412 eum
1568 3353 1604 3414 in
1625 3352 1680 3415 illo
1703 3351 1745 3413 ed
1764 3354 1913 3416 servimen

314 3439 462 3504 hocfecit
485 3458 548 3506 nou
568 3444 837 3520 condescensive‚
854 3452 885 3508 ct
911 3446 1101 3510 liberalitate
1148 3445 1289 3526 judicem
1298 3457 1430 3526 nequem
1442 3448 1551 3513 baberi
1565 3453 1914 3528 recursus,odsunnvn

315 3555 382 3600 sua
405 3539 557 3616 pietatis,
579 3541 636 3602 sed
661 3542 851 3606 necessitate
872 3552 1011 3609 coactus.
1030 3567 1045 3603 n
1063 3577 1103 3592 -
1150 3545 1349 3625 pontificem,
1363 3549 1416 3610 cni
1429 3550 1464 3612 in
1474 3567 1613 3629 persono
1626 3552 1711 3618 beuti
1721 3555 1809 3617 Petri
1820 3557 1913 3617 temoni

314 3637 345 3698 3.
361 3637 450 3700 Hanc
473 3654 655 3716 supremam
679 3647 867 3718 potestatem
890 3643 1099 3722 temporalem
1154 3643 1250 3705 simul
1264 3652 1293 3704 ot
1310 3646 1444 3710 celestis
1459 3649 1765 3731 imperiijuroDem
1776 3655 1838 3734 ipse
1853 3673 1913 3715 een·

315 3740 461 3799 exercuit
476 3735 672 3800 collaetando
691 3755 747 3816 pro
770 3757 805 3802 se
822 3746 854 3802 et
868 3741 1006 3820 collegio
1022 3758 1102 3820 opo·
1154 3739 1257 3816 mitit,
1273 3742 1401 3822 imperii
1413 3745 1560 3824 predicti
1574 3748 1775 3829 jurisdictio,
1789 3751 1910 3830 rrpinm

316 3835 432 3898 stolido
449 3835 628 3902 oblationes
643 3853 661 3900 a
675 3838 881 3904 credentibus
897 3841 932 3904 in
947 3858 1004 3917 se,
1021 3845 1098 3908 Luc.
1155 3848 1184 3900 et
1198 3838 1366 3922 dispositio
1381 3842 1600 3921 devolvuntur,
1616 3858 1646 3910 οἱ
1661 3868 1699 3910 ea
1713 3852 1778 3930 ipre
1789 3849 1911 3930 (duranto

316 3949 389 4008 verr,
404 3934 424 3994 2
439 3935 504 3996 et3
1155 3940 1256 4018 ipsius
1273 3944 1436 4006 eurotione
1455 3945 1599 4027 imperii)
1616 3967 1675 4029 per
1692 3968 1742 4024 ae,
1759 3950 1805 4012 uel
1816 3951 1909 4022 olion,

356 4033 439 4096 vltl.
455 4034 601 4098 Christus
619 4036 729 4100 vivens
745 4038 777 4100 in
793 4037 886 4099 terris
903 4038 1014 4103 habuit
1028 4057 1101 4102 cum
1153 4058 1208 4102 eeu
1221 4043 1303 4103 ulios
1324 4048 1501 4108 coercuisse
1516 4050 1660 4110 noscitur
1675 4051 1712 4113 in
1727 4051 1847 4132 imperio
1861 4069 1909 4112 ne·

315 4130 454 4210 collegio
484 4135 701 4214 apostolorum
737 4153 844 4199 rerum
876 4139 1099 4217 temporalium
1153 4149 1275 4202 nroroto
1302 4162 1312 4202 .·
1335 4145 1483 4208 nonnulli
1503 4150 1654 4210 tamenin
1671 4151 1774 4214 Italic
1789 4143 1909 4233 p'ortilm

316 4228 554 4305 possessionem
570 4238 602 4296 et
616 4232 797 4296 dominium
809 4234 966 4298 directum
982 4245 1013 4299 et
1029 4255 1100 4316 per·
1153 4241 1320 4319 potestatis
1338 4250 1367 4302 et
1382 4242 1548 4322 dipnitotis
1560 4248 1725 4328 sostipium
1742 4252 1844 4314 illicite
1861 4271 1910 4312 un·
1983 4267 1984 4338 l

315 4327 447 4390 sectum.
467 4330 538 4411 (De
556 4332 617 4394 lide
634 4339 683 4394 est
698 4349 738 4395 ex
756 4333 858 4412 rapite
874 4335 950 4396 Cum
965 4336 1050 4399 inter
1062 4337 1097 4412 le,
1154 4339 1310 4403 bieures...
1333 4341 1446 4422 absque
1464 4352 1575 4405 nostru
1587 4345 1636 4408 sel
1651 4350 1826 4428 apostolico
1845 4350 1907 4412 sedit
1983 4341 1984 4412 l

315 4429 360 4490 De
384 4428 507 4494 verbor.
525 4432 633 4513 sipnis.
657 4433 704 4494 tit.
730 4452 798 4508 xvv,
822 4445 983 4518 extravag.
1001 4441 1100 4502 loan-
1150 4441 1253 4521 petito
1266 4440 1590 4508 oelobtentolieentio
1603 4449 1740 4512 retinere
1758 4449 1908 4530 sibilquod

314 4527 366 4590 nis
381 4529 507 4610 xxti.)
524 4533 561 4594 Ut
577 4531 726 4612 exemplo
744 4551 804 4598 suo
818 4536 977 4601 stabiliret
995 4539 1101 4603 Ecole·
1153 4545 1246 4603 antea
1256 4540 1408 4620 gerebant
1421 4559 1460 4604 ex
1472 4543 1674 4624 imperatoris
1684 4547 1906 4626 commissione).

314 4624 371 4686 sire
403 4643 472 4690 sure
503 4628 558 4707 jus
594 4632 810 4706 possessionis
839 4644 870 4698 ot
894 4638 1042 4703 dominii.
1061 4675 1100 4688 -
1154 4647 1254 4702 etc...
1276 4643 1452 4705 temerariis
1470 4645 1599 4708 omibus
1615 4655 1906 4728 presumpserunt...
1983 4681 1984 4762 p

314 4723 458 4802 ldeoque
497 4727 701 4804 pertinaciter
738 4735 991 4801 contradicentes
1024 4750 1099 4804 sunt
1151 4737 1457 4804 Nee....mleorteer
1476 4760 1641 4804 occurrere
1659 4747 1906 4826 cupientee,pm·
1983 4773 1984 4846 l

313 4818 456 4884 haeretici
472 4831 504 4886 el
520 4836 687 4906 nequeunt
701 4829 824 4893 absolvi
842 4833 905 4896 nisi
929 4852 947 4898 a
971 4854 1099 4904 summo
1152 4838 1287 4899 sentium
1298 4839 1488 4902 auctoritate
1501 4858 1679 4917 monemus,
1696 4844 1751 4905 rub
1766 4860 1907 4906 aaronmu·
1983 4855 1984 4930 t

313 4921 486 4998 pontifice,
520 4940 560 4986 ex
592 4925 681 4989 bulla
707 4928 885 4994 Posterolie
916 4935 951 4998 in
986 4941 1098 5018 Cenum
1151 4938 1324 5002 nicationis
1341 4957 1448 5020 prono,
1468 4958 1572 5011 omnes
1593 4943 1774 5024 etsinpnlor
1777 4989 1831 5008 .....
1848 4960 1906 5021 pot·

313 5017 440 5080 etiamsi
458 5020 839 5105 sintoccultibmretici3
862 5038 893 5094 et
917 5039 1099 5102 sacerdotes
1153 5044 1243 5098 tenus
1247 5081 1309 5100 .....
1324 5055 1462 5118 prorem
1480 5039 1657 5105 obstineant
1674 5051 1709 5104 et
1732 5044 1845 5104 omnino
1867 5038 1906 5100 dr·
1983 5125 1984 5128 Ἴ

312 5115 499 5200 hujusmodi
515 5123 742 5202 absolventes,
759 5138 891 5210 excepto
906 5134 1019 5197 mortis
1044 5153 1098 5200 ar·
1152 5141 1278 5202 sistent.

314 5217 425 5294 ticulo,
438 5221 570 5286 nulliter
585 5233 684 5304 egunt
698 5227 1015 5308 etmejoremsanete
1028 5236 1098 5298 sedi
1192 5239 1233 5300 X.
1256 5239 1399 5303 Ecclesia
1425 5241 1580 5306 catholica
1609 5251 1702 5323 prout
1726 5251 1773 5309 est
1795 5241 1903 5304 societas
1983 5275 1984 5328 r

312 5323 504 5378 reservatam
529 5321 894 5390 excommunicationem
921 5326 993 5408 ipso
1015 5331 1098 5398 iacto
1152 5336 1438 5415 divino-humana,
1458 5341 1582 5422 dejure
1598 5344 1709 5407 divino
1728 5350 1821 5424 potest
1839 5341 1903 5402 bona
1983 5329 1984 5406 l

312 5411 494 5478 incurrunt.
512 5419 558 5482 Ex
573 5419 684 5484 eadem
703 5421 791 5487 bulla
805 5425 994 5493 Pastorotis.
1151 5439 1338 5518 temporalia
1361 5441 1551 5520 possidere,
1569 5451 1601 5506 et
1619 5443 1803 5523 eademjure
1815 5441 1902 5504 divino
1983 5457 1984 5530 l

354 5513 432 5574 Com
464 5531 505 5576 ex
542 5520 796 5594 precedentibus
833 5528 1098 5620 conclusionibus
1151 5539 1246 5607 habet
1270 5543 1418 5622 plenum,
1439 5546 1712 5623 perlectum‚inoo
1733 5555 1899 5622 supremum.
1983 5537 1984 5580 l

313 5608 459 5676 cbristus
474 5631 538 5679 non
553 5625 675 5683 tantum
691 5618 840 5686 habuerit
855 5644 962 5691 rerum
978 5635 1099 5711 tempo·
1152 5639 1375 5720 independens
1398 5653 1429 5709 et
1453 5630 1637 5726 exemptum
1663 5666 1681 5711 a
1705 5643 1835 5711 seculari
1854 5655 1900 5721 po·
1983 5657 1984 5710 l

250 5737 253 5744 ·
313 5709 428 5775 retium
452 5715 632 5794 dominium
653 5720 838 5804 singulare,
856 5730 914 5793 scd
934 5729 1030 5796 etiam
1052 5735 1097 5800 al·
1153 5746 1266 5804 testate
1282 5741 1463 5808 dominium
1480 5744 1513 5808 in
1530 5745 1623 5812 bonis
1643 5744 1854 5828 temporalibus
1869 5739 1899 5803 lb
