4042 6458
52 319 103 382 599

340 321 438 384 rans
456 324 513 386 111.
531 327 581 390 00
599 329 799 398 sansonis.
818 357 851 372 -
871 336 1019 404 1006.
1038 343 1088 404 00
1107 317 1345 420 66010600.

1613 349 1663 412 oto

53 444 108 490 sua
139 427 367 491 constitutione
398 431 475 494 Cum
500 439 653 501 catholica
672 442 825 521 Ecclesia,
877 452 927 530 sic
942 452 1065 516 actibus
1079 455 1224 534 propriis
1239 464 1269 518 et
1283 455 1491 536 dipniratibus
1506 457 1668 526 distinctis
1774 535 1777 542 Ι

49 527 100 587 dio
114 527 153 588 96
166 527 272 590 Martii
291 529 380 603 186⁰,
397 529 443 592 ihi
457 553 466 592 s
479 525 696 600 Faciieautsm
713 543 831 606 1610111-

882 550 987 628 ospicia
1020 554 1188 632 potestatis
1215 557 1379 636 utriusque
1409 557 1559 622 discrevit
1587 577 1667 640 pro·

46 627 131 704 pitar
144 625 398 706 quemadmodum
408 631 829 712 ejusmodillomanoeEccle·
880 649 965 725 pria,
990 647 1137 714 uolens...
1164 661 1199 714 ut
1224 661 1254 714 et
1271 652 1447 716 Christiani
1462 657 1668 734 imperatores

48 724 99 783 sia
113 727 426 820 principatus,licet
440 741 556 816 suapte
574 746 695 798 natura
711 748 829 820 tempe·
877 763 940 826 pre
961 757 1077 808 uterne
1096 751 1164 812 uita
1190 754 1391 833 pontificibus
1416 753 1611 834 indiderent,
1640 765 1669 819 ct

47 825 140 886 ratem
158 827 827 909 0010000101,00101100106106001000106
881 845 1044 926 pontifices
1073 865 1134 926 pro
1164 867 1260 912 cursu
1288 841 1516 932 temporalium
1532 864 1669 919 tantum·

47 925 77 985 ci
92 943 188 986 sacrae
200 945 289 1006 quam
303 929 407 1002 habet,
425 930 645 998 destinationis
666 946 695 1000 et
712 941 827 1000 arctis·
881 943 970 1006 modo
980 962 1085 1006 rerum
1095 948 1311 1025 imperialibus
1328 949 1447 1031 lepibus
1461 962 1666 1017 uterentur...

47 1025 116 1084 simi
129 1021 220 1086 illius
235 1027 355 1090 vinculi
364 1046 425 1109 quo
439 1050 508 1094 cum
521 1036 667 1097 noctuis
677 1037 724 1098 rei
743 1038 832 1100 Chri·

47 1125 153 1185 011060
182 1125 361 1188 rationibus
395 1130 614 1212 conianpitur.
652 1135 689 1198 El
718 1135 829 1198 inires

46 1225 114 1284 tam
142 1243 217 1286 uero
245 1227 334 1288 nevit
361 1231 528 1292 uniuersus
560 1233 646 1298 orbis
675 1237 828 1316 quomodo

48 1325 200 1387 luctuosis
232 1327 316 1390 hisce
345 1331 536 1408 temporibus
559 1333 759 1413 infestissimi
780 1355 832 1396 ca-

48 1425 168 1486 tholicae
194 1425 339 1489 Ecclesia
362 1437 390 1490 et
408 1429 502 1512 hujus
529 1437 711 1517 apostolica
740 1437 823 1502 sedis

49 1543 150 1584 osores
167 1525 388 1592 abominabiles
411 1531 490 1611 sacti
509 1533 544 1594 in
566 1535 680 1598 studiis
700 1539 830 1609 0010,οο

49 1623 205 1701 loquentes
221 1627 255 1687 in
270 1628 434 1708 hypocrisi
462 1632 665 1709 mendacium,
687 1638 766 1698 hanc
787 1641 835 1721 ip·

49 1739 111 1780 som
126 1721 239 1798 sedem,
264 1725 457 1804 proculcatis
486 1730 601 1792 divinis
629 1733 833 1814 humanisque

42 1820 385 1903 pertransientque
407 1829 545 1906 potitur,
573 1831 760 1912 principatu
783 1852 834 1894 ne·

47 1923 154 1998 quites·
178 1923 407 1988 adnitantur...
437 1927 470 1989 Si
501 1929 652 1993 Ecclesiae
684 1933 834 2010 1106006

41 2022 246 2102 principatus
271 2022 472 2102 spiritualem
492 2027 604 2092 induat
629 2031 776 2106 indolem,
803 2033 835 2095 ui

45 2141 142 2184 sacrm
163 2141 255 2202 quam
278 2123 368 2188 habet
387 2127 629 2206 destinationis,
647 2132 757 2212 procul
775 2131 836 2194 du-

43 2221 100 2285 hio
122 2223 197 2302 jure
212 2221 323 2286 divino
346 2225 493 2300 exsistit;
519 2229 545 2290 si
561 2245 672 2294 osores
694 2241 833 2295 sanctam

45 2321 157 2382 sedern
169 2321 266 2394 ciuili,
282 2336 342 2401 qao
354 2325 480 2400 potitur
491 2329 682 2408 principatu
697 2329 836 2409 spoliare

44 2429 214 2500 nequeunt,
242 2421 307 2483 nisi
323 2421 519 2501 proculcatis
533 2425 650 2490 divinis
673 2429 835 2492 humanis·

44 2539 103 2600 quc
123 2521 282 2601 juribus,
316 2522 524 2588 manifestum
556 2535 605 2590 est
644 2527 836 2610 hujusmodi

45 2619 266 2697 principatum
281 2638 353 2684 esse
371 2622 445 2704 jure
467 2625 579 2690 divino
601 2629 837 2693 inviolabilem.

42 2717 190 2796 ideoque
219 2715 434 2798 pereamdem
464 2725 727 2792 constitutionem
756 2730 833 2792 Pius

43 2817 89 2878 lx
117 2819 375 2883 excommunicat
410 2829 441 2884 ct
469 2823 711 2890 catathematizat
740 2846 837 2892 usur·

43 2923 161 2993 pantes
177 2925 208 2978 et
234 2919 436 2998 spoliatores,
469 2939 650 3002 eorumque
673 2909 835 3009 fautores,

44 3011 225 3094 adjutores,
251 3017 466 3096 consiliarios,
479 3019 671 3087 otomanus
684 3025 734 3088 ecl
754 3026 836 3090 alios

42 3131 248 3196 quoscunque
272 3120 498 3198 praedictarum
523 3141 632 3188 rerum
650 3132 836 3204 ‚assecutio-

41 3232 114 3275 nem
132 3217 269 3294 quolibet
291 3228 448 3298 proterea
467 3233 497 3286 et
511 3227 621 3306 quovis
640 3226 730 3288 modo
755 3247 836 3312 pro·

42 3323 207 3393 curantes,
222 3316 271 3380 ael
281 3335 341 3400 per
354 3339 386 3382 se
402 3323 487 3401 ipsos
506 3337 746 3406 exsequentes...

82 3475 142 3538 lv.
171 3475 251 3541 Com
285 3477 460 3556 provinciae
487 3487 519 3543 01
537 3481 648 3546 omnia
668 3482 835 3564 dominia,

40 3575 143 3649 bone,
157 3573 298 3654 juraque
314 3576 515 3656 principatus
530 3578 638 3644 civilis
651 3590 769 3646 senata
784 3599 838 3661 sp·

41 3673 96 3734 dis
123 3674 308 3752 apostolieae
335 3677 376 3738 ad
404 3695 508 3740 omnes
537 3679 707 3742 catholicos
733 3683 836 3762 perti,

40 3779 154 3846 00001,
169 3788 308 3852 eumque
329 3790 367 3836 ca
384 3775 494 3850 omnio
512 3779 664 3856 ustsrpari
685 3787 716 3842 et
740 3797 837 3850 occur

41 3872 114 3948 pari
133 3880 309 3950 nequeant,
324 3874 402 3952 quin
414 3875 557 3938 omnibus
572 3875 736 3945 catholicis
752 3881 838 3962 inju-

39 3969 94 4028 ria
109 3970 271 4048 inseratur
284 3971 465 4034 declarante
480 3975 535 4037 Pio
549 3993 626 4054 papa
644 3979 835 4060 lX,encycl.

38 4066 153 4132 Nullis
169 4078 252 4131 certe
279 4071 397 4148 uerbis,
428 4075 466 4136 19
480 4074 609 4138 ianuar.
640 4077 740 4150 18603
760 4096 834 4143 cum

38 4169 179 4232 aliunde
197 4185 240 4231 ex
263 4172 428 4234 communi
454 4172 622 4236 hominum
645 4185 674 4238 et
691 4176 836 4240 urraniml

37 4269 217 4331 doctorum
239 4271 398 4334 sententia
433 4287 569 4334 summa
594 4277 762 4353 potestatis
782 4294 835 4339 es·

37 4368 174 4439 sentia,
207 4371 303 4432 unice
337 4369 371 4432 in
396 4370 520 4434 civium
557 4379 587 4434 01
617 4373 836 4454 subjectorum

36 4467 180 4528 tuendis
195 4467 326 4548 juribus
341 4471 507 4542 consistat,
532 4471 665 4552 haecque
681 4473 836 4554 obligatio

36 4581 250 4628 summorum
274 4567 458 4648 principum
473 4569 516 4632 sit
537 4570 576 4633 de
602 4569 677 4650 jure
696 4580 835 4650 00106ος
893 4629 900 4642 .

37 4667 260 4746 consequitur
277 4685 389 4732 06600
406 4671 569 4750 principes
590 4687 777 4752 supremos,
807 4675 836 4736 sl

37 4765 831 4848 catholicossuln'ectoshabeant,stricteteneriet
911 4829 917 4841 .

37 4861 185 4940 obligari
205 4879 246 4924 ex
264 4881 331 4926 sare
347 4866 512 4944 potestatis
543 4867 684 4931 essentia
710 4876 741 4931 et
763 4869 837 4948 jure

37 4958 188 5020 naturali
204 4961 240 5021 ati
256 4961 424 5034 tuendum,
450 4963 691 5026 defendendum
710 4971 836 5030 01006-

36 5063 90 5117 tra
109 5057 280 5120 invasores
295 5069 327 5120 et
346 5067 537 5139 occupantes
550 5077 762 5144 quoscunque
776 5063 837 5129 do·

36 5155 162 5226 minis,
189 5156 275 5236 jura,
308 5157 391 5220 bona
416 5167 448 5221 01
467 5161 681 5242 principatum
706 5163 838 5229 civilem

35 5257 264 5318 sanctasadis
278 5261 558 5338 propugnandum.

82 5417 123 5476 Et
155 5415 307 5492 probatur
328 5419 428 5480 sacris
463 5422 648 5486 canonibus.
680 5425 715 5488 C.
747 5425 836 5501 Quo-

33 5516 131 5577 6106
147 5517 178 5588 8,
191 5517 268 5578 dist.
287 5518 336 5588 11,
357 5517 402 5578 ibi
417 5519 567 5582 Nicotaus
586 5540 663 5604 papa
680 5526 692 5586 1
712 5526 750 5587 ad
770 5526 826 5590 Mi·

36 5613 189 5678 chaelcrn
220 5615 637 5700 imperatoremzouoniom
661 5623 741 5686 idem
767 5643 833 5688 me-

36 5713 153 5777 diator
168 5717 228 5778 Eei
237 5726 266 5778 01
280 5719 449 5793 hominnm,
467 5721 553 5781 homo
570 5722 714 5786 Christus
726 5728 830 5798 terres,

886 1041 923 1104 Et
941 1060 1009 1122 cap.
1026 1044 1105 1119 Quis
1126 1044 1248 1108 dubitet
1266 1051 1295 1124 9,
1308 1048 1384 1114 dist.
1401 1053 1439 1114 96
1461 1052 1562 1130 :Quis
1580 1051 1670 1116 dubi·

883 1151 926 1206 tet
950 1143 1124 1204 sacerdotes
1143 1145 1275 1222 Christi,
1298 1165 1407 1225 repam
1431 1157 1460 1212 01
1485 1151 1669 1230 principum

883 1244 1078 1322 omniumque
1114 1244 1252 1323 fidelium
1282 1258 1411 1326 patres,
1440 1256 1469 1309 et
1495 1251 1665 1330 mapistros

883 1346 1034 1407 censeri?
1069 1345 1180 1410 Nonus
1219 1347 1408 1410 miserabilis
1446 1349 1576 1412 insaniae
1607 1370 1671 1412 esse

884 1447 1095 1526 copnescitar,
1112 1447 1141 1508 si
1154 1447 1240 1524 ptius
1255 1457 1390 1527 patrem,
1418 1435 1672 1528 0161001660-

882 1547 1017 1627 pistrum
1047 1546 1110 1608 sibi
1137 1547 1463 1628 conctursubjupure,
1493 1559 1523 1610 et
1551 1550 1671 1630 iniquis

888 1645 1134 1726 oblipationibus
1149 1646 1237 1708 illum
1256 1666 1318 1708 sua
1334 1650 1485 1728 potestati
1507 1649 1670 1732 subjicere,
1693 1680 1704 1693 -
1747 1707 1751 1712 .

884 1764 974 1826 aquo
994 1745 1095 1808 credit
1109 1764 1174 1807 non
1192 1745 1292 1808 solum
1306 1748 1339 1808 in
1355 1756 1454 1824 terra,
1465 1748 1519 1810 red
1535 1752 1626 1813 etiem
1637 1753 1672 1815 10

885 1846 959 1908 calo
986 1864 1017 1906 se
1043 1845 1140 1924 lipari
1162 1863 1254 1924 possa
1285 1849 1435 1910 resoluit
1465 1851 1507 1912 tta
1532 1865 1670 1918 sanatus

885 1950 1138 2029 Gregoriusvll,
1154 1948 1192 2012 ad
1205 1967 1276 2030 quae
1287 1951 1376 2013 enon
1391 1951 1561 2018 Marcellus
1581 1971 1670 2034 papa,

885 2049 919 2111 in
937 2066 1005 2127 cap.
1035 2051 1118 2113 Boni
1142 2051 1305 2130 principis
1331 2053 1380 2128 to,
1403 2052 1477 2116 dist.
1502 2055 1566 2116 96:
1589 2055 1673 2116 Boni

884 2149 1043 2230 principis
1070 2158 1127 2224 cst,
1149 2149 1358 2229 ac'relipiosi,
1387 2152 1533 2215 ecclesius
1549 2154 1672 2213 contri·

888 2255 935 2308 tas
959 2257 1050 2328 atque
1066 2249 1240 2310 conscissas
1255 2259 1447 2324 restaurare,
1462 2269 1558 2312 nouas
1578 2251 1674 2330 adipi-

886 2367 969 2422 care,
987 2357 1015 2408 ct
1031 2350 1087 2412 Dei
1103 2349 1279 2410 sacerdotes
1294 2352 1449 2413 honorare
1467 2360 1558 2430 atque
1573 2353 1670 2415 tueri.

889 2447 974 2511 Unde
987 2458 1111 2510 sanctos
1129 2449 1289 2528 apostolos
1304 2468 1468 2530 eorumque
1481 2443 1684 2514 successores

891 2548 948 2610 reeb
968 2546 1076 2610 diuina
1091 2551 1317 2612 contestatione
1333 2551 1533 2612 constituisse
1543 2549 1674 2635 lepimus

887 2667 952 2712 non
978 2649 1088 2712 debere
1114 2650 1183 2730 ficri
1201 2653 1454 2730 persecutiones,
1478 2669 1535 2713 nec
1559 2652 1675 2734 inferri

887 2745 1128 2828 fluctuationes,
1155 2766 1209 2809 nec
1234 2748 1376 2810 inuidere
1402 2747 1619 2810 laborantibus
1640 2750 1676 2812 in

886 2864 964 2926 apro
980 2847 1151 2922 dominico,
1171 2865 1267 2929 neque
1283 2847 1438 2928 erpellere
1452 2848 1562 2912 oeterni
1579 2849 1675 2928 llepis

888 2945 1131 3026 dispensatores.
1157 2946 1194 3006 Et
1225 2947 1299 3009 Pius
1316 2946 1674 3026 000011600οΡ6-

888 3043 943 3109 dia
962 3047 992 3122 5,
1014 3062 1108 3109 cerasa
1136 3047 1323 3126 160000,
1353 3047 1373 3108 2
1394 3063 1402 3108 :
1421 3045 1545 3110 Praedia
1559 3046 1674 3110 diuinis

887 3143 999 3209 usibus
1031 3142 1165 3218 tradita,
1185 3141 1311 3222 quidam
1336 3141 1481 3204 trumonis
1511 3141 1675 3221 applicant

887 3221 1009 3319 ubibus,
1030 3250 1060 3304 et
1074 3241 1224 3314 Domino,
1243 3243 1294 3304 cui
1309 3240 1427 3303 tradita
1444 3246 1530 3314 sunt,
1549 3259 1585 3303 ea
1599 3240 1675 3304 sub·

889 3343 1029 3417 trahunt,
1046 3350 1083 3403 ut
1108 3339 1172 3402 sibi
1195 3341 1381 3403 inserviant.
1407 3339 1611 3420 Quapropter
1637 3335 1675 3402 ab
1735 3418 1739 3425 Ι

888 3440 1032 3505 omnibus
1053 3439 1144 3502 illius
1171 3439 1393 3519 usurpationis
1417 3437 1607 3501 contumelia
1626 3437 1678 3502 de·

887 3537 1032 3618 pellenda
1052 3543 1122 3610 est,
1146 3553 1185 3597 ne
1212 3535 1335 3614 pradia
1353 3535 1463 3598 usibus
1486 3545 1678 3622 secretorum

888 3633 1054 3700 scelestium
1079 3635 1196 3708 dicata,
1222 3654 1241 3694 0
1262 3634 1447 3716 quibusdam
1475 3634 1690 3702 irruentibus

886 3747 1051 3800 necentur.
1075 3734 1166 3814 Quod
1194 3735 1223 3797 si
1238 3734 1400 3816 quisquam
1421 3736 1673 3817 presumpserit,

886 3846 923 3901 ut
938 3836 1114 3917 sacrilepus
1139 3835 1301 3900 habeatur.
1320 3835 1350 3901 Si
1366 3833 1406 3897 ab
1420 3834 1572 3899 omnibus
1599 3851 1677 3916 prae-

888 3938 1015 4001 diorum
1043 3933 1197 4000 Ecclesia
1230 3934 1451 4012 usurpationis
1478 3933 1674 3997 contumelia

887 4037 1078 4116 depellendo
1092 4043 1153 4111 est,
1167 4052 1275 4116 ergon
1294 4033 1497 4114 principibus
1517 4042 1549 4103 01
1573 4035 1677 4126 pontif

887 4137 949 4199 bus
965 4136 1168 4200 Christianis.
1198 4135 1287 4200 idem
1310 4135 1458 4214 arguitur
1476 4149 1516 4201 ex
1531 4151 1598 4214 cop.
1622 4133 1677 4199 So·

889 4235 997 4310 11106,
1014 4235 1063 4297 111.
1086 4251 1204 4308 xxxrrr,
1219 4235 1261 4294 lle
1280 4234 1419 4314 majorit.
1437 4241 1464 4294 01
1480 4231 1568 4295 obed.
1594 4231 1648 4295 lib.
1665 4251 1676 4296 ι

887 4333 1058 4408 necessat,
1075 4334 1120 4396 ilsi
1147 4351 1154 4395 ε
1177 4335 1288 4397 Utrum
1316 4342 1418 4395 autem
1442 4333 1676 4415 imperatoriam

889 4431 1105 4494 eccellentium
1129 4431 1171 4493 ad
1190 4429 1305 4492 bonum
1330 4439 1360 4492 et
1382 4429 1460 4492 utile
1475 4447 1534 4510 per
1551 4429 1674 4492 litteras
1734 4453 1735 4458 ¹

887 4538 1013 4592 nostras
1041 4528 1225 4592 duxerimus
1252 4527 1458 4605 invitandam,
1484 4537 1592 4590 utrum
1616 4529 1675 4590 tibi

882 4635 971 4710 pasta
985 4629 1179 4710 sapuerimus
1197 4635 1225 4689 et
1250 4627 1394 4704 honesta,
1417 4638 1472 4689 100
1490 4625 1674 4690 sollicitudo

888 4727 1047 4790 discernat
1062 4749 1072 4788 .·
1088 4746 1158 4790 cum
1174 4729 1304 4790 nonnisi
1317 4728 1358 4789 ed
1384 4728 1554 4790 utilitatem
1567 4727 1596 4790 E
1600 4727 1676 4788 ccle-

887 4845 941 4888 sue
956 4837 986 4888 01
1000 4836 1092 4889 terra
1106 4827 1400 4906 hierosolymitano
1421 4826 1595 4890 subsidium
1618 4845 1675 4888 nos

889 4938 919 4992 te
935 4927 1164 4991 meminerimus
1189 4929 1352 4990 incitasse.
1377 4929 1458 4990 Item
1480 4945 1549 5008 cap.
1579 4927 1677 4992 Unam

888 5031 1200 5106 sanctaml,tit.rt1s
1218 5029 1456 5110 neuportum
1475 5027 1563 5091 obed.
1581 5027 1638 5092 lib.
1664 5047 1675 5091 1
1725 5033 1728 5038 '

888 5131 1053 5211 Extravag.
1070 5147 1178 5205 cona,
1196 5129 1238 5191 ihi
1258 5149 1267 5189 ε
1285 5129 1416 5210 Uterque
1426 5147 1496 5208 erpo
1509 5136 1554 5189 est
1571 5128 1605 5190 in
1617 5146 1676 5207 po-

888 5227 1162 5302 testatelicclesiae,
1174 5227 1354 5308 spiritualis
1366 5227 1488 5291 scilicet
1503 5225 1629 5306 eladius
1645 5235 1675 5290 et

888 5327 1075 5390 materialis.
1100 5327 1162 5389 Sed
1184 5329 1210 5388 is
1226 5325 1350 5408 quidem
1364 5345 1426 5406 pro
1446 5326 1601 5400 Ecclesia,
1620 5324 1675 5389 ille

887 5441 960 5486 vero
981 5417 1018 5486 ab
1033 5423 1176 5486 Ecclesia
1196 5423 1396 5488 exercendus.
1415 5425 1475 5486 lile
1498 5425 1673 5488 sacerdoti·

888 5527 956 5601 bas,
977 5527 1125 5600 ismanu
1139 5544 1246 5606 reptem
1263 5535 1292 5588 et
1316 5526 1463 5601 militum,
1484 5526 1538 5589 sed
1553 5526 1594 5589 ad
1614 5545 1674 5590 nu·

888 5633 954 5690 tum
969 5634 997 5687 01
1009 5627 1197 5706 patientiam
1211 5624 1394 5690 sacerdotis.
1412 5625 1546 5711 Oportet
1567 5633 1671 5689 autem

885 5719 1025 5800 plodirem
1039 5741 1103 5786 esse
1114 5723 1169 5788 sub
1181 5723 1298 5805 plodio,
1313 5733 1342 5788 et
1354 5725 1553 5806 temporalem
1563 5733 1673 5790 aucto·
