4044 6458
327 337 382 404 930
854 333 971 400 runis
987 332 1167 398 CANONIGI
1181 332 1444 400 COMPENDIUM„
1862 351 1905 418 pfl

332 451 511 534 ccpricncs,
545 453 575 515 el
611 447 761 514 admissas
797 452 853 512 aut
894 446 1033 528 rejectae,
1063 445 1112 508 rel
1172 445 1363 512 minaturum
1383 451 1416 512 in
1434 449 1573 514 termino
1600 451 1853 531 probatoriulste
1872 479 1912 532 aa·

328 553 436 619 iorsan
456 558 623 616 reservatae
636 549 674 614 ad
689 547 800 613 merita
817 563 934 617 causa,
952 545 1059 620 idest,
1073 541 1114 606 ad
1171 551 1233 608 tem
1245 549 1689 614 terminusconcedandussst
1701 553 1911 630 brevissimus...

331 652 528 716 decisionem
558 648 645 726 litis,
661 649 695 712 ut
710 649 776 712 litis
791 646 994 720 contestatio,
1013 651 1049 709 ut
1072 644 1117 709 di·
1169 645 1301 710 Peracto
1316 657 1425 727 postea
1441 650 1652 725 examine-lit
1667 651 1757 714 etiam
1773 657 1913 732 publicaria

327 759 412 815 ctum
425 756 485 813 est.
641 797 647 811 .
1170 744 1203 810 in
1220 745 1280 811 hac
1303 749 1442 812 secunda
1460 751 1607 830 repulsa3
1627 757 1659 814 et
1676 759 1748 817 tuna
1762 759 1914 837 regulariter
1984 781 1985 794 ¹

367 849 438 910 vlt.
479 846 601 910 Deinde
646 844 788 927 praestari
833 846 915 908 solet
943 845 1114 925 ¹J'nramen·
1169 848 1656 914 nondaturaliusterminus.»

329 959 397 1016 tum
420 951 589 1016 calumnie
613 961 673 1014 tam
700 967 755 1028 per
777 957 916 1014 actorem
940 964 1036 1031 quam
1058 963 1121 1038 per,
1163 938 1175 988 5'
1208 945 1294 1010 le.
1318 949 1364 1010 Dc
1391 948 1587 1013 conclusione
1614 953 1647 1014 tn
1671 969 1819 1017 cousu.-
1835 961 1916 1025 ulcr.

329 1069 432 1115 raum.
1116 1045 1119 1054 “
1170 1046 1247 1108 actis
1263 1035 1415 1111 omnibu's
1433 1049 1728 1127 probationibus...
1740 1051 1770 1114 dt
1785 1061 1915 1128 conclusio

368 1151 455 1214 vill.
473 1151 516 1212 De
532 1150 663 1212 termino
686 1149 884 1230 probatorio.
916 1180 954 1195 -
983 1140 1121 1211 Succos
1170 1143 1205 1207 in
1222 1147 1416 1220 causaoua
1430 1149 1915 1234 conelosiooperaturneanplius

328 1251 395 1316 sire
409 1252 504 1315 datur
521 1249 678 1313 terminus
691 1249 727 1312 in
747 1266 842 1312 causa
857 1248 896 1312 ad
912 1246 1114 1328 probandum
1170 1243 1239 1307 lieri
1259 1247 1381 1325 possint
1400 1247 1470 1311 aliae
1486 1251 1704 1330 probationes,
1717 1268 1784 1314 cum
1799 1255 1915 1322 rideatur

328 1345 1114 1430 incumbentia,quiestutriqueparticommunis.
1171 1345 1389 1410 renuntiatum
1419 1347 1639 1423 ulterioribus,
1656 1349 1732 1430 quia
1754 1350 1823 1414 alias
1834 1371 1916 1420 musa
1985 1401 1986 1440 ι

370 1456 428 1518 ΙΧ.
456 1453 501 1516 Dc
512 1448 737 1533 positionibus.
763 1485 802 1497 -
829 1473 845 1508 c
868 1450 948 1514 Dato
978 1446 1115 1512 termino
1169 1440 1539 1510 derentimmortalus.e

330 1554 572 1634 procictufieri
590 1550 879 1632 solentaliquandu
896 1548 1114 1629 probationes,
1209 1543 1311 1606 xvtt.
1343 1545 1388 1607 De
1415 1547 1589 1609 monitione
1618 1547 1661 1609 ad
1691 1547 1867 1627 nllcpundun
1891 1559 1917 1618 tu

331 1668 430 1733 super
447 1651 567 1731 quibus
591 1650 851 1730 respondendum
868 1656 915 1711 est
932 1664 988 1725 per
1004 1645 1117 1710 adrer-
1163 1640 1239 1720 jurs
1258 1650 1286 1703 et
1299 1643 1443 1725 insucto.
1459 1677 1497 1690 ·-
1515 1664 1531 1703 e
1547 1645 1673 1719 Quibus
1688 1648 1817 1726 expletis
1835 1657 1915 1716 unni·

331 1767 398 1813 sam
430 1756 563 1828 partem,
579 1746 616 1811 ad
636 1747 783 1810 ellectum
802 1755 837 1808 ut
864 1745 1049 1809 releventur
1075 1742 1116 1806 ad
1170 1737 1245 1811 bus,
1260 1750 1433 1802 moneatur
1446 1757 1484 1803 ae
1502 1742 1640 1804 citantur
1657 1743 1758 1806 ambe
1776 1753 1873 1822 partes,
1887 1755 1915 1816 sl

330 1847 469 1912 invicem
487 1848 639 1910 abunere
654 1843 822 1926 probandi.
840 1864 857 1903 ι
1170 1835 1341 1900 dicendum
1358 1845 1389 1902 et
1405 1839 1607 1916 allegantium
1624 1856 1729 1903 coram
1749 1841 1845 1918 judice
1861 1862 1915 1910 ore·

371 1949 414 2010 X.
432 1949 476 2008 Dc
489 1944 645 2008 articulis.
662 1978 701 1992 -
725 1943 757 2006 Si
777 1962 832 2023 per
852 1941 1028 2023 positiones
1050 1957 1116 2004 non
1138 2015 1144 2026 ὓ
1172 1942 1266 2000 tenus
1281 1945 1310 2000 el
1332 1938 1364 2000 in
1383 1940 1523 2017 scriptis,
1541 1939 1659 2019 iniere
1675 1948 1706 2002 et
1724 1941 1755 2001 in
1768 1943 1849 2018 iacto,
1862 1963 1915 2010 cum
1986 2003 1987 2024 ,

330 2049 393 2113 iuit
408 2049 680 2128 sutisprobatum,
695 2056 799 2125 partes
815 2047 990 2125 producere
1011 2044 1116 2106 solent
1171 2038 1331 2100 advocetis
1370 2045 1401 2102 et
1436 2039 1710 2119 procuratoribus,
1740 2039 1776 2102 ad
1801 2042 1916 2110 eiectum
1986 2047 1987 2072 ¹

331 2145 750 2226 articulos,superquibus
772 2144 995 2208 examinantur
1018 2149 1116 2204 restes
1172 2134 1366 2234 discutiendi
1404 2139 1607 2217 probationes
1639 2138 1748 2213 sacili,
1783 2149 1815 2202 ιιῑ
1843 2147 1918 2222 possit

331 2250 366 2313 in
383 2248 445 2311 rim
471 2247 708 2326 probationum,
726 2253 758 2308 et
779 2245 813 2306 ia
836 2245 949 2307 eodem
979 2241 1116 2304 termino
1173 2241 1299 2301 tandem
1316 2240 1418 2319 judex
1439 2243 1684 2306 adsentantium
1705 2243 1875 2308 devenires

332 2368 389 2429 per
418 2349 511 2412 aliam
542 2353 662 2426 partem
694 2346 914 2424 producuntur
940 2341 1117 2417 interroga·
1210 2341 1329 2404 XVlll.
1359 2343 1404 2404 Dc
1431 2343 1521 2404 modo
1554 2343 1682 2405 oidcndc
1710 2361 1920 2423 processus.-

334 2448 414 2512 toria
431 2447 567 2509 testibus
585 2443 745 2508 iacienda.
1173 2441 1328 2504 «Deinde
1342 2441 1443 2521 judex
1468 2444 1600 2524 produci
1618 2445 1682 2507 sibi
1716 2427 1770 2524 per
1795 2448 1919 2509 nntariun

371 2553 430 2617 Xl.
445 2553 491 2612 Dc
507 2551 632 2614 testium
645 2545 854 2629 productione
871 2553 899 2606 ct
914 2542 1064 2606 examine.
1078 2571 1117 2588 -
1172 2557 1276 2604 causae
1294 2541 1369 2606 lacit
1385 2550 1453 2608 acta
1472 2546 1590 2622 omnia,
1607 2547 1644 2610 ad
1661 2549 1805 2612 ellectum
1825 2547 1868 2610 illa
1881 2553 1919 2610 di·

333 2657 408 2718 Post
421 2652 628 2716 articulorum
646 2656 677 2712 et
701 2644 1018 2724 interrogatorlorum
1045 2657 1119 2722 pro·
1171 2637 1307 2719 ligentur
1323 2645 1556 2721 perscrutandi,
1574 2655 1607 2708 ut
1626 2663 1667 2710 ex
1685 2646 1736 2708 bis
1752 2655 1855 2711 rectam
1867 2666 1920 2712 sea·

334 2754 533 2826 ductionem,
553 2751 586 2814 bt
610 2747 720 2811 citatio
735 2747 773 2809 ad
789 2751 897 2818 testes,
912 2750 947 2807 ut
968 2742 1118 2805 accedant
1174 2742 1305 2804 tentiam
1321 2741 1463 2821 prolerre
1479 2744 1592 2808 valeat.
1609 2767 1627 2804 e

334 2857 373 2918 ad
395 2854 515 2916 curiam
533 2850 571 2914 ad
587 2866 623 2911 se
646 2845 895 2912 examinandam
914 2861 1011 2920 super
1032 2841 1117 2914 illis,
1211 2841 1301 2904 xlii.
1320 2844 1364 2905 Dc
1382 2845 1532 2907 citatione
1554 2845 1596 2908 od
1612 2846 1837 2908 contentione·
1850 2849 1921 2912 usuc·

336 2952 496 3017 eteoclem
516 2955 667 3012 contextu
693 2945 809 3008 citatur
828 2959 898 3021 pars
922 2941 1054 3003 adversa
1079 2935 1117 3001 ad
1172 2944 1295 3006 cessire
1324 2955 1494 3027 postquam
1520 2947 1627 3010 onrnia
1647 2947 1732 3010 bene
1756 2953 1922 3026 perpendent

338 3053 514 3116 ridendum
544 3049 687 3127 ipsorum
721 3043 849 3106 testium
873 3042 1053 3121 juramenta
1078 3039 1119 3100 de
1173 3061 1210 3106 se
1226 3044 1483 3122 rinralusiuerit,
1500 3047 1648 3112 eitareau
1678 3065 1805 3112 monere
1825 3052 1921 3112 landen

339 3153 472 3218 veritate
502 3147 637 3214 dicenda
669 3160 765 3225 super
793 3139 953 3206 contentis
984 3139 1019 3201 in
1045 3138 1120 3201 arti·
1173 3141 1269 3206 iaciat
1292 3146 1401 3209 ambas
1425 3149 1595 3226 partes,ad
1619 3149 1923 3212 audiendamsenten·

336 3251 430 3316 pulis.
1126 3231 1139 3322 ,'
1176 3240 1251 3304 tiam
1275 3243 1727 3324 delinitlreproierendam.»

374 3351 447 3414 Xlt.
466 3349 572 3411 Testes
600 3345 738 3410 absentes
762 3344 985 3408 examinantur
1000 3357 1040 3404 ex
1070 3339 1121 3403 lit·
1213 3344 1289 3410 XX.
1318 3347 1363 3407 Dc
1389 3351 1550 3412 sententia.
1579 3383 1618 3396 -·
1644 3351 1833 3414 «Postremo
1855 3351 1924 3412 debet
1988 3321 1989 3394 ι

338 3449 415 3515 teris
432 3445 713 3517 remissorialibus,
727 3451 762 3506 ut
779 3443 899 3505 dictum
922 3446 981 3504 est.
1171 3440 1273 3521 judex
1292 3446 1486 3509 sententiam
1507 3447 1704 3512 delinitiram
1721 3453 1878 3512 secundum
1890 3469 1926 3512 sa·

375 3551 464 3614 Xlll.
486 3550 529 3610 Dc
549 3547 763 3628 publicatione
783 3546 968 3608 testium-
995 3541 1123 3605 «Com-
1177 3557 1248 3604 cros
1275 3559 1453 3608 canones...
1481 3547 1639 3626 prolerre;
1673 3567 1745 3628 qua
1772 3551 1926 3612 condemns·

338 3652 433 3730 pletis
465 3649 583 3713 deinde
612 3645 868 3726 probationibus,
900 3642 1122 3722 absolutisque
1179 3643 1382 3716 tionemrcl
1408 3646 1642 3710 absolutionem
1670 3650 1830 3714 continere
1856 3651 1926 3712 debet

338 3747 701 3819 testiumexaminibns,
716 3746 749 3807 ιιι
765 3743 938 3824 publicatio
953 3743 987 3804 in
1009 3759 1122 3815 causa3
1177 3749 1224 3809 rei
1250 3747 1418 3826 annuanti3
1440 3748 1598 3812 aliusnon
1618 3749 1748 3812 ucles„

339 3867 394 3928 por
409 3843 766 3928 quaml-manilestantur
779 3841 906 3921 utrique
921 3841 1002 3920 parti
1015 3837 1123 3903 omnia
1216 3845 1305 3908 xiil.
1319 3849 1363 3908 Dc
1378 3849 1574 3910 exsecutione
1586 3851 1755 3912 sententie.
1772 3853 1925 3913 «Postera-

338 3949 420 4014 dicta
438 3947 612 4010 testium.=r
1177 3945 1309 4010 lentiam
1327 3943 1535 4028 consequilur
1556 3952 1752 4025 necessario,
1769 3951 1835 4013 atsi
1852 3952 1925 4012 aalide

376 4048 463 4112 le.
486 4048 530 4108 De
552 4043 678 4124 repulso
696 4051 724 4106 ct
748 4041 967 4123 reprobatione
990 4043 1122 4106 testium.
1177 4044 1287 4117 iurarit,
1303 4053 1334 4109 et
1351 4047 1390 4109 ab
1406 4065 1441 4111 ec
1459 4061 1514 4128 per
1528 4066 1617 4112 reum
1630 4053 1867 4114 condemnaturi
1880 4067 1925 4110 noa

339 4181 378 4197 -
392 4171 410 4207 c
428 4149 554 4210 Peracta
574 4145 792 4225 publicatione
810 4143 843 4205 in
862 4160 971 4216 causa,
994 4150 1025 4206 et
1046 4143 1124 4206 risis
1177 4145 1384 4214 lueritiinira
1400 4147 1512 4210 decem
1533 4148 1603 4211 dies
1623 4149 1826 4228 appellatum,
1842 4149 1927 4209 debita

341 4255 519 4329 pcrsparres
536 4244 749 4326 cullitigantes
765 4245 893 4308 testium
908 4245 1124 4320 examinibus,
1180 4246 1380 4309 exsecutioni
1400 4247 1627 4321 demandetur;
1656 4250 1745 4327 quod
1764 4249 1877 4328 quiden
1906 4247 1927 4306 ia

340 4349 405 4429 peti
424 4345 562 4410 soletab
588 4344 686 4407 altera
705 4362 745 4408 ex
761 4343 842 4424 ipsis
869 4343 1044 4422 repulsatio
1067 4361 1124 4408 seu
1180 4346 1373 4426 quibusdam
1411 4351 1517 4412 causis
1557 4351 1731 4412 succedere
1769 4349 1860 4418 solet,
1882 4363 1927 4407 noo

340 4449 521 4529 reprobatio
535 4449 681 4526 ipsorum
702 4448 830 4512 testium
856 4447 1123 4510 examinatorum.
1180 4448 1328 4509 obstante
1346 4445 1602 4526 appellatione.»
1619 4445 1928 4526 (Pnanacarar,Prcrts

338 4549 407 4624 Qua
424 4566 480 4628 per
491 4547 810 4629 juutcomconcessa,
826 4545 1029 4626 repulsantur
1044 4545 1125 4607 intra
1180 4545 1373 4606 sicariorum
1413 4545 1473 4606 sub
1510 4544 1639 4606 initium
1678 4544 1778 4624 partis
1807 4561 1843 4615 rr,
1868 4540 1928 4618 apud

339 4648 512 4710 terminum
539 4645 735 4724 assignatum
761 4651 859 4708 testes
881 4661 938 4725 pre
962 4651 1050 4724 parte
1070 4645 1127 4708 ad·
1180 4646 1218 4707 D.
1242 4645 1358 4718 Bourx,
1383 4646 1428 4706 De
1446 4643 1593 4728 judiciis,
1621 4652 1699 4710 tem.
1730 4644 1769 4718 ll,
1795 4659 1824 4722 p.
1844 4641 1891 4702 itt
1908 4645 1928 4700 el

343 4762 435 4808 ressa
452 4744 634 4816 examinati,
651 4753 683 4806 et
698 4743 914 4822 approbantur
927 4742 983 4806 alii
1001 4741 1125 4804 exami-
1181 4744 1285 4827 seqq.)

342 4844 408 4906 Πῦῑῑ
435 4857 492 4921 1)Γο
520 4857 567 4903 ⁸⁰·
585 4839 759 4903 Tefffiifflss
782 4849 889 4904 mem
918 4837 1056 4920 sellum
1077 4844 1126 4902 ⁶⁸¹
1181 4857 1247 4932 ill.
1267 4856 1453 4914 -Remedia
1473 4865 1568 4913 contra
1593 4855 1725 4926 iniustam
1746 4850 1927 4912 sententianir

344 4943 498 5008 medietas
517 4939 644 5003 termini
672 4939 897 5020 probatocil...,
912 4946 943 5002 et
969 4941 1069 5004 currit
1086 4940 1126 5004 de
1464 4927 1692 4998 Dt⁰oe⁸⁸⁰civl¹b

341 5049 506 5108 momento
530 5041 569 5104 ad
587 5049 795 5104 momentum.
821 5041 957 5121 Expleta
979 5040 1127 5104 examine
1219 5063 1239 5100 -c
1253 5041 1383 5121 Triplex
1396 5040 1573 5105 remedium
1590 5057 1607 5104 a
1618 5043 1692 5120 J'ure
1707 5040 1812 5103 datum
1826 5042 1867 5100 est
1878 5049 1929 5094 con

342 5145 472 5208 testium
500 5143 807 5223 reprobatoriorum,
835 5143 868 5204 ut
895 5139 1069 5220 publicatio
1092 5139 1126 5202 in
1183 5143 1381 5223 traJ'udioem
1400 5142 1513 5225 inique
1533 5141 1792 5222 pronuntiantem
1809 5133 1928 5218 :querela

341 5262 435 5309 causa
454 5245 632 5322 repulsa.»
1181 5261 1298 5322 nempe
1316 5241 1486 5315 nullitatis,
1501 5243 1684 5320 appellatio,
1701 5251 1734 5304 et
1756 5233 1927 5303 restituticin

378 5346 450 5411 xv.
477 5345 521 5407 Dc
539 5342 666 5422 repulsu
683 5343 826 5422 repulso.
851 5377 891 5392 -
913 5365 928 5400 c
948 5341 1072 5405 Deinde
1098 5341 1125 5403 si
1181 5341 1356 5418 integrum.
1390 5340 1463 5402 Duo
1496 5338 1600 5418 priora
1633 5337 1772 5402 remedia
1802 5331 1928 5397 ordinaria

274 5509 278 5524 ,
341 5444 439 5508 altera
458 5457 529 5522 pars
545 5441 676 5504 aduersa
693 5439 861 5520 reprobare
879 5439 1012 5504 voluerit
1026 5443 1127 5502 testes
1182 5445 1355 5512 uocantum
1385 5437 1514 5500 tertium
1538 5444 1659 5510 autem,
1675 5451 1715 5499 eo
1734 5434 1814 5516 quod
1830 5429 1927 5507 regula·

338 5541 590 5622 reprobatorios,
616 5549 724 5621 petere
754 5547 858 5621 potest
884 5541 1045 5622 repulsam
1076 5555 1127 5600 re·
1182 5537 1260 5602 riter
1274 5536 1404 5600 nonnisi
1419 5536 1643 5600 delinientibus
1658 5536 1786 5600 duobus
1801 5528 1928 5613 prioribus

340 5639 452 5720 palem,
471 5639 580 5716 idest,
592 5640 691 5703 alium
712 5640 884 5705 terminum
902 5641 942 5705 ad
958 5639 1127 5720 repulsan-
1182 5640 1389 5714 concedalur,
1407 5639 1697 5705 extraordinarium
1715 5653 1773 5703 seu
1796 5627 1927 5703 subsidia·

342 5739 421 5806 dum
442 5740 648 5810 ‚examinatos
664 5757 722 5822 pro
736 5740 875 5825 ,repulse
898 5741 1027 5810 testium
1048 5757 1125 5809 exa·
1183 5740 1268 5806 rium
1285 5737 1350 5804 diei
1368 5736 1497 5804 solete
