4042 6458
145 397 202 466 401
457 402 550 462 eant
566 365 636 464 tlt.
658 398 708 461 ott
726 397 924 462 t'uttsottts.
939 421 974 435 ···
985 398 1060 462 tta.
1074 399 1126 460 tx.
1145 398 1194 459 bn
1211 397 1347 472 Latcts,
1365 395 1445 457 ETC.
1736 395 1791 462 402

191 514 317 592 Quarta
344 513 670 593 caticuminorum
699 523 730 576 ot
755 513 943 578 constitutio
996 512 1117 592 ptinam
1140 512 1353 592 Christianam
1375 511 1554 592 conserunt,
1580 519 1609 572 ct
1629 509 1698 572 ideo
1727 530 1792 574 om·

149 613 311 678 naturalis
332 611 529 676 familiarum
557 611 735 680 anteriores
759 615 799 676 de
815 612 890 694 jure
915 619 947 676 et
994 613 1083 674 nium
1112 611 1331 676 doctrinarum
1363 610 1560 691 magisteriis
1588 610 1791 691 invigilandi,

149 714 238 780 iacto
252 721 330 778 sunt
342 712 542 783 nationibus.
557 730 693 795 quarum
709 712 842 777 familie
855 711 945 778 exsi·
993 719 1182 791 patestatem
1194 711 1344 774 Ecclesia
1366 719 1538 790 competere
1553 728 1595 772 ccc
1616 728 1704 772 moro
1722 729 1794 774 cou-

152 823 248 880 stuut
276 813 475 896 principium
501 809 948 878 circummundanum·
995 812 1162 874 ctttuttoue
1185 815 1330 876 ttumona.
1358 811 1458 892 (ldem
1483 828 1523 873 cx
1549 829 1577 875 c.
1613 811 1791 888 Quoniam:

154 913 243 978 nalis
258 912 359 996 igitur
372 910 559 976 constitutio
576 911 671 976 debet
685 911 792 974 omnia
809 907 948 983 inmitia·
998 931 1026 978 c.
1048 914 1095 978 tte
1114 912 1295 994 prouidens,
1315 917 1390 988 etc..
1411 912 1460 974 tit.
1476 913 1521 974 De
1539 913 1717 993 magistris,
1737 913 1795 974 tte·

156 1031 232 1077 rum
256 1013 331 1093 jnra
368 1011 473 1090 tueri,
504 1009 683 1076 officiorum
712 1011 950 1092 observantiam
999 1013 1122 1090 arctat)
1242 1075 1251 1094 ¹

156 1129 346 1192 procurare.
372 1110 506 1176 Nullum
522 1129 598 1176 vero
614 1111 808 1194 guberntum
825 1129 884 1194 nec
898 1111 949 1174 di·
1038 1119 1159 1198 Quinta
1179 1117 1330 1198 otttpcrtc
1353 1125 1401 1180 est
1421 1116 1507 1197 juris
1523 1116 1696 1196 municipii
1719 1131 1793 1196 pro·

156 1220 246 1276 recle
267 1229 324 1276 ⁰0⁰
348 1209 507 1275 indirecte
529 1220 689 1275 θῡᾶΐῦῑᾶΐθ
715 1219 823 1294 Ρῡῑθὸῑ,
847 1210 952 1292 Ιθεῑῑί·
1001 1219 1109 1282 tactio.
1125 1220 1204 1282 Nam
1220 1217 1305 1280 sicut
1320 1215 1500 1278 individuae
1518 1231 1674 1294 personae,
1692 1215 1735 1278 ita
1750 1212 1797 1276 ia·

159 1331 246 1376 tuom
271 1311 466 1376 familiarum
484 1311 664 1376 libertatem
686 1313 725 1376 ad
742 1302 954 1392 bottttttte'Et·
1002 1319 1100 1384 milita
1120 1318 1194 1400 jure
1222 1316 1361 1381 naturali
1390 1323 1421 1380 ct
1450 1315 1634 1380 necessario
1655 1316 1797 1380 associo·

160 1414 241 1478 inda
260 1419 425 1494 promanat
448 1411 651 1476 educationis
678 1420 710 1476 et
728 1411 953 1476 instructionis
1003 1419 1102 1484 tionis
1148 1418 1302 1500 gaudent.
1347 1413 1544 1496 Huiusmodi
1583 1413 1799 1478 associatione

160 1514 315 1593 libertas3
329 1514 391 1580 boc
406 1524 455 1579 est
469 1514 561 1580 enim
575 1515 716 1596 primum
730 1514 864 1580 tamilla
879 1533 955 1598 arga
1001 1523 1160 1587 formatur
1190 1529 1222 1583 et
1244 1516 1455 1583 constituitur
1489 1514 1705 1590 municipium
1737 1532 1799 1580 seu

160 1616 284 1681 liberos
305 1617 458 1682 ollioium.
478 1617 511 1680 Si
531 1617 632 1698 igitur
650 1619 731 1682 bano
750 1618 954 1687 educationis
1003 1624 1217 1689 communitas
1235 1621 1367 1706 (Gallice
1380 1616 1552 1700 commune)
1564 1625 1619 1680 aut
1636 1617 1798 1698 parocbia,

160 1717 344 1783 libertatem
360 1717 445 1783 tueri
459 1724 589 1784 tenetur
606 1719 821 1800 gubernium,
843 1721 956 1804 nequit
1004 1744 1077 1808 qum
1103 1727 1159 1807 jus
1194 1724 1287 1788 habet
1320 1739 1380 1786 sua
1413 1721 1597 1784 communia
1629 1719 1797 1782 commoda

162 1819 378 1900 semetipsum
392 1821 597 1884 educatorem
620 1827 652 1884 et
674 1821 892 1886 institutorem
909 1821 957 1886 ta·
1004 1825 1106 1890 libere
1133 1823 1266 1906 gerendi
1295 1829 1327 1886 et
1355 1837 1428 1885 sese
1453 1817 1710 1883 administrandi.
1733 1819 1799 1880 Lex

160 1935 261 1996 cere,
288 1919 355 1984 nisi
380 1919 500 2002 injuste
539 1921 729 2001 usurpando
758 1920 958 2002 paternitatis
1007 1924 1169 2006 generalis
1187 1924 1367 1988 libertatem
1383 1917 1676 1984 administrationis
1693 1916 1803 1980 muni·-

157 2023 248 2101 jura,
269 2029 300 2084 et
326 2019 519 2084 eradicando
541 2019 738 2086 familiarum
764 2020 957 2086 libertatem.
1008 2020 1286 2104 cipiiseuoppidi,
1299 2018 1349 2086 rel
1360 2016 1496 2082 civitatis
1507 2021 1678 2096 protegere
1690 2011 1800 2084 debet,

164 2121 256 2184 vane
271 2120 358 2184 enim
379 2119 513 2184 liberam
535 2121 605 2185 suis
620 2120 742 2185 scholis
759 2137 956 2185 concurreu·
1007 2124 1130 2190 tuendo
1154 2119 1311 2186 mutuatio
1328 2117 1402 2199 jura
1423 2121 1454 2179 et
1469 2111 1573 2178 officia
1594 2111 1715 2175 oinium
1731 2110 1798 2174 sin·

164 2217 958 2300 tiamconcesserit,quiatalisconcurrentiaim·
1008 2222 1160 2306 gaiorum
1187 2230 1219 2286 et
1244 2217 1454 2284 lamitiarum.
1489 2211 1692 2277 Gubernium
1724 2223 1805 2274 nero
1913 2215 1925 2252 '·

165 2325 284 2397 potens
302 2317 354 2380 tiet
375 2325 486 2382 contra
513 2326 615 2382 status
639 2321 882 2401 prepotentiam
898 2337 963 2402 qua
1010 2324 1149 2390 nationis
1164 2321 1278 2404 nequit
1293 2320 1385 2384 aliter
1400 2332 1472 2381 sese
1485 2316 1635 2394 ingerere
1650 2311 1683 2376 in
1700 2310 1804 2378 admi·

164 2417 299 2498 opibus,
319 2418 679 2500 praetermittentibus
703 2419 867 2502 gratiosis,
884 2421 961 2486 iun·
1010 2426 1202 2493 nistrationo
1228 2419 1400 2502 municipii
1427 2417 1640 2500 ejusdemque
1661 2429 1806 2477 commo·

165 2519 336 2584 ctionibus
366 2519 448 2583 bena
478 2521 646 2586 retributis
673 2539 751 2587 suos
781 2523 961 2608 discipulos
1010 2530 1126 2594 dorum
1159 2523 1412 2608 particularium,
1439 2519 1504 2585 nisi
1532 2516 1711 2582 coercendo
1732 2531 1803 2580 om·

166 2619 306 2684 dotabit.
330 2622 486 2686 Educatio
514 2623 598 2687 siout
623 2631 653 2688 et
669 2624 796 2705 justitia
816 2618 961 2690 tribuna·
1011 2649 1069 2695 nes
1085 2629 1247 2694 libertates
1275 2624 1436 2690 naturales
1459 2638 1516 2702 per
1541 2619 1606 2682 vim
1629 2616 1805 2682 coactionis

168 2719 253 2784 lium
270 2729 436 2803 nequeunt
452 2724 599 2787 exerceri
613 2723 677 2788 nisi
693 2744 748 2806 per
764 2727 965 2808 magistratu·
1011 2748 1086 2814 quaa
1099 2729 1238 2794 liberum
1258 2724 1428 2790 arbitrium
1453 2727 1562 2787 contra
1584 2719 1639 2799 jus
1658 2718 1806 2782 ditinum

168 2840 240 2892 tam
265 2823 368 2888 libare
384 2827 591 2891 constitutam
611 2835 643 2890 et
664 2845 682 2892 a
700 2827 859 2908 gubernio
873 2829 965 2892 inde·
1013 2831 1107 2908 toltit,
1124 2841 1156 2894 ot
1170 2825 1364 2894 declinando
1378 2823 1418 2888 ad
1430 2819 1634 2904 tyrannicum
1648 2815 1807 2896 despotis-

169 2925 383 3005 pendentem,
407 2927 470 2990 etsi
493 2927 621 3008 legibus
639 2928 870 2992 communibus
888 2929 966 3006 sub·
1013 2949 1116 3006 mum,
1132 2929 1220 3012 quod
1237 2925 1356 2990 nostris
1371 2920 1574 3004 temporibus
1589 2924 1721 2981 uocatur
1733 2929 1808 2978 cen-

165 3025 302 3104 jeotam.
333 3025 477 3108 Ideoque
495 3027 726 3092 universitates
751 3027 873 3103 tibere,
893 3045 966 3110 quat
1013 3031 1169 3097 tralisutio
1196 3027 1332 3112 (Gallice
1361 3017 1643 3096 contradication),
1678 3015 1712 3078 ia
1744 3031 1807 3094 qua

172 3141 233 3204 per
260 3123 363 3204 legem
385 3141 588 3189 communem
612 3126 646 3189 in
670 3142 728 3190 sua
759 3125 966 3191 institutione
1014 3133 1177 3214 praebetur
1194 3127 1342 3194 inaudita
1365 3122 1540 3200 anomalia,
1560 3118 1683 3184 scilicet
1704 3121 1809 3178 extra·

170 3231 206 3288 et
232 3223 462 3290 constitutione
490 3234 666 3308 reguntur;
697 3225 815 3290 deinde
846 3236 965 3292 semet·
1016 3234 1071 3298 nei
1086 3232 1182 3314 longe
1199 3235 1366 3294 manentes
1390 3233 1421 3289 et
1439 3224 1509 3288 loca
1525 3233 1706 3300 eorumque
1722 3231 1811 3279 com-

171 3322 263 3403 ipsas
287 3323 327 3386 ad
342 3323 433 3398 ¹intra
455 3323 674 3404 gubernantes
695 3322 757 3387 sub
773 3323 855 3406 legis
877 3343 969 3389 com-
1016 3333 1121 3407 moda‚
1137 3329 1389 3394 necessitateset
1403 3319 1599 3404 indigentias
1613 3313 1811 3397 planeigno-
1835 3395 1837 3400 Ι

172 3422 862 3506 munislt⁰l0⁰¹¹⁸⁰ssee905511112801838111'1&
888 3433 967 3490 lectt
1018 3444 1125 3502 rantes
1149 3434 1266 3498 dantur
1290 3437 1442 3508 tanquam
1462 3421 1605 3503 aptiores
1624 3416 1664 3480 ad
1686 3411 1811 3494 diiudi-

173 3541 306 3589 Sellfll‘l
329 3524 548 3607 {illumilium
572 3523 766 3589 &miliarum
790 3525 823 3589 5¹¹
847 3526 967 3590 libero·
1017 3539 1155 3602 candum
1169 3541 1200 3598 et
1215 3529 1428 3612 regulandum
1445 3542 1485 3592 ex
1500 3517 1725 3592 relationibus,
1736 3512 1809 3594 plus

176 3641 251 3690 rum
274 3625 476 3690 educatione.
500 3626 631 3708 Absque
659 3626 760 3690 dubio
788 3626 828 3690 acl
852 3633 969 3692 statum
1019 3637 1167 3701 minusve
1194 3631 1284 3696 falsis
1315 3625 1525 3692 necessitates
1551 3633 1637 3697 sape
1656 3617 1810 3692 urgentes

174 3726 317 3811 pertinet
332 3727 548 3792 determinare
563 3727 697 3808 gradum
712 3727 855 3791 scientia
868 3733 899 3791 et
916 3744 970 3790 ca·
1018 3733 1157 3814 ntiquus
1175 3727 1332 3801 civitatis,
1351 3739 1445 3807 quam
1467 3719 1532 3800 ipsi
1555 3715 1643 3781 cives
1669 3712 1809 3773 interes-

175 3827 324 3908 pacitatis
349 3829 542 3910 requisitam
565 3834 605 3894 ad
632 3829 814 3894 lunationes
838 3846 911 3912 qua
932 3831 971 3893 ab
1019 3836 1079 3900 sati
1094 3833 1151 3916 qui
1176 3832 1210 3894 in
1226 3828 1305 3892 loeis
1321 3825 1462 3889 habitant
1477 3827 1509 3885 et
1534 3818 1579 3883 ibi
1601 3813 1709 3879 omnia
1726 3807 1809 3872 deli.-

175 3935 252 4016 ipso
263 3936 403 4018 pendent
418 3938 630 4012 exercendam
646 3935 712 4016 ipsi
728 3951 859 4017 quoque
875 3937 971 3999 renui
1020 3933 1195 4002 boratiouis
1211 3930 1305 4014 plane
1323 3927 1491 3991 instructa
1509 3920 1669 3983 elementa
1688 3911 1809 4022 vident.

177 4053 247 4100 nou
267 4042 371 4116 potest
393 4035 448 4116 jus
469 4033 634 4117 praebendi
651 4035 824 4115 specialem
849 4035 971 4099 instru·
1020 4041 1100 4105 Cum
1114 4034 1189 4101 talia
1204 4034 1269 4095 sint
1289 4035 1402 4093 contra
1417 4030 1565 4087 naturam
1581 4025 1613 4081 et
1635 4013 1753 4124 iaciant
1767 4027 1814 4073 ct-

177 4137 322 4206 etionem
339 4137 553 4204 necessariam
575 4134 799 4204 functionibus
818 4136 970 4218 speciali·
1020 4142 1135 4205 vitatas
1149 4133 1242 4216 regni
1267 4129 1362 4213 quasi
1381 4123 1501 4209 praedia
1525 4121 1560 4184 in
1585 4115 1706 4200 quibus
1725 4128 1813 4224 altos

177 4239 260 4314 bus,
290 4255 370 4320 quas
402 4245 531 4302 tenetur
561 4237 656 4302 modo
690 4238 815 4310 utiliori
848 4240 972 4318 nationi
1019 4211 1814 4306 iacticolonesctsecricustodiunturuducrbus

179 4355 294 4418 gerere
318 4337 434 4403 lacere.
460 4339 520 4402 llic
546 4352 653 4402 autem
671 4345 732 4403 stat
748 4339 901 4418 gubernii
917 4340 972 4421 jus
1020 4337 1196 4412 extraneis,
1217 4333 1298 4416 perit
1313 4327 1421 4394 omnis
1436 4321 1583 4389 nativitas
1608 4317 1721 4391 libera,
1739 4329 1815 4425 per·

179 4439 334 4516 docendi,
353 4439 439 4506 ultra
456 4440 545 4524 quod
563 4440 699 4507 transire
715 4440 829 4522 nequit
843 4440 908 4510 nisi
921 4444 973 4506 de·
1020 4447 1099 4507 eunt
1114 4453 1220 4504 mores
1233 4436 1312 4516 {cum
1329 4427 1418 4493 omni
1440 4424 1506 4494 vita
1525 4416 1627 4494 cirili,
1648 4421 1680 4477 et
1694 4411 1814 4477 exindo

178 4539 334 4608 elinando
368 4542 403 4605 in
434 4542 615 4616 animarum
643 4549 675 4606 et
700 4541 978 4606 conscientiarum
1021 4541 1166 4607 civitates
1193 4535 1231 4599 ad
1259 4531 1354 4596 talem
1382 4525 1430 4590 vel
1454 4520 1550 4588 talem
1571 4517 1740 4582 dominum
1760 4516 1815 4623 aut

179 4637 376 4720 lycaoniam,
395 4638 657 4721 familiarumque
682 4639 922 4722 corruptionem
942 4647 973 4704 et
1022 4641 1217 4726 gubernium
1235 4631 1463 4700 indifferentes
1479 4614 1817 4688 subeuutrerolutro«

179 4738 973 4813 servitutem.Haeoeducationislibertasmaxime
1023 4745 1121 4808 nibus
1158 4735 1333 4821 periodicis
1369 4739 1536 4810 tanquam..
1554 4735 1669 4802 pecora
1695 4714 1815 4779 alteros

180 4843 223 4911 ad
244 4841 418 4906 Ecclesiam
435 4842 585 4921 pertinet,
605 4841 693 4923 quod
710 4841 830 4921 optime
849 4847 880 4904 et
901 4856 972 4903 om·
1026 4852 1169 4924 pastores
1181 4842 1355 4902 mutantur.
1372 4833 1520 4894 Attamen
1535 4823 1575 4886 de
1588 4820 1662 4902 jure
1679 4830 1816 4898 quaeque

181 4945 264 5012 rtiao
279 4953 460 5025 opportune
474 4946 568 5008 docet
582 4950 782 5024 postremum
798 4941 974 5012 concilium
1023 4944 1138 5008 civitas
1160 4938 1222 5002 sibi
1245 4932 1390 5018 proprias
1410 4930 1497 5008 legas
1519 4922 1570 4988 net
1598 4924 1716 5030 statuta
1736 4929 1815 5027 con-

181 5045 331 5127 provinc.
353 5046 584 5126 Lugdunensa,
601 5047 721 5109 decret.
735 5045 787 5121 20,
806 5063 838 5109 n.
856 5045 885 5120 1,
902 5045 974 5108 ibi:
1024 5045 1160 5110 stituere
1174 5046 1289 5122 protest.
1307 5027 1484 5097 d⁰fflffl⁰d⁰
1508 5039 1574 5086 ¹¹⁰⁰
1599 5023 1665 5082 ΗΜ
1687 5015 1816 5124 ¹03¹b¹¹⁵J

182 5149 352 5230 Retipima
369 5148 549 5230 juventutis
574 5145 718 5209 educatio
732 5145 773 5208 ad
787 5143 982 5224 Ecclesiam,¹
1025 5143 1166 5212 nationis
1189 5132 1416 5204 communibus
1434 5122 1592 5236 oppositae
1611 5124 1642 5182 et
1672 5127 1817 5194 supremo

181 5257 295 5330 utpote
312 5249 566 5316 ctrtettaoorou
580 5256 710 5311 matrem
732 5255 762 5310 et
781 5247 975 5328 magistram,
1025 5243 1219 5328 legislatoris
1251 5231 1405 5300 voluntati
1435 5233 1618 5334 contrariae..
1639 5220 1716 5328 Arg·
1730 5229 1815 5327 Ψ·

183 5369 226 5413 un
247 5349 320 5429 ipso
339 5350 395 5413 liei
420 5351 646 5414 constitutione
660 5347 798 5432 [spectat.
825 5357 854 5410 et
877 5351 977 5413 omnir
1026 5337 1328 5414 coaeternarum.
1345 5335 1374 5409 19
1395 5329 1451 5394 Ubi
1465 5327 1514 5392 ⁸1⁰
1527 5337 1658 5406 l’ifflffli'e
1674 5318 1794 5380 d¹⁰¹¹¹¹f
1809 5329 1817 5374 ²

182 5469 295 5527 renus,
330 5453 430 5515 omnis
453 5462 528 5515 atae
550 5453 586 5515 in
609 5449 659 5514 itis
685 5451 807 5515 Ctrirti
837 5451 941 5516 verbio
968 5473 977 5512 :
1027 5441 1189 5518 inacioilc
1212 5433 1352 5518 estquod
1373 5432 1503 5513 quoquc
1518 5419 1658 5509 tt⁰tl¹tl¹⁴⁸
1673 5413 1722 5478 “l
1737 5431 1821 5496 quc-

184 5554 330 5617 «Docere
346 5571 449 5616 omnes
464 5561 570 5636 pentec
594 5551 721 5635 (Metto.
738 5567 857 5629 xxrut,
873 5554 948 5636 19),
963 5575 977 5610 s
1028 5567 1086 5631 que
1100 5545 1211 5612 ciuitas
1232 5539 1295 5611 sibi
1312 5533 1483 5618 proprium
1498 5527 1608 5591 ditrino
1623 5524 1819 5597 tumoreque

184 5655 492 5733 itoinctuditur‚ut
515 5656 645 5719 nonnisi
663 5654 898 5718 conculcatione
916 5673 979 5736 pu·
1030 5640 1316 5712 rauracenstituit.
1515 5732 1521 5745 .
1593 5725 1640 5743 ..
1693 5721 1733 5736 Η

185 5767 312 5822 storum
337 5766 366 5821 et
393 5757 588 5841 {amiliacum
602 5755 979 5838 sacratissimirjuribuc,
1068 5751 1167 5812 Sento
1184 5737 1615 5825 obtiqotiocstproprtatotn
1632 5721 1821 5842 individuo·

185 5860 290 5926 asseri
308 5869 400 5944 queat
414 5859 548 5925 docendi
565 5881 599 5924 oo
617 5859 721 5925 omnio
739 5876 805 5940 quot
820 5856 861 5922 ad
879 5855 978 5926 disci·
1031 5869 1102 5919 rum
1127 5857 1157 5916 ot
1177 5845 1372 5914 lautitiarum
1397 5836 1528 5905 tirmitas
1554 5837 1585 5899 et
1609 5835 1717 5898 tuttto.
1742 5825 1820 5888 Pro·
