4046 6460
113 437 182 507 tti-
349 438 447 502 PdRS
462 437 520 501 111.
539 439 590 500 bii
604 439 802 504 erumnis.
817 465 852 482 ·-
862 441 935 506 iiii.
956 440 1038 508 viii.
1061 443 1111 508 nii
1127 445 1412 525 assumerem,
1428 447 1508 512 E'l'ss.
1700 445 1757 514 itit

114 551 204 614 cedit
217 548 500 630 unquamjuden
515 552 546 610 et
562 557 738 627 paternam,
754 564 820 629 qua
833 563 908 630 pro·
1006 550 1038 613 ἓ.
1061 549 1092 613 Si
1110 567 1150 614 er
1164 551 1351 616 uisitatione
1364 553 1526 618 ordinaria
1543 550 1755 632 deprehendit

114 649 205 714 eadit
233 667 273 714 ex
297 648 365 712 sola
394 653 549 727 potestate
571 663 629 712 sua
649 647 847 714 dominativa
867 649 908 714 ad
921 625 950 747 J
963 647 1108 714 visitator
1123 653 1280 716 exsistere
1292 652 1360 733 jam
1370 669 1574 718 communem
1585 651 1699 720 lamam
1714 654 1755 718 de

113 750 219 814 instar
236 745 484 830 patrisfamilias.
764 790 767 804 .
935 737 950 750 “
963 746 1081 812 delicto
1096 749 1240 829 religiosi
1253 773 1263 826 ;

102 893 112 952 ἱ
157 854 198 916 ll.
218 851 369 914 visitatio
388 849 552 914 ordinaria
575 848 761 912 instituitur
784 848 824 912 ad
849 830 954 912 eost—³
1001 847 1033 910 3.
1048 848 1080 910 Si
1096 849 1291 914 denuntians
1305 861 1419 932 sponte
1437 870 1497 920 sua
1521 852 1675 920 delictum
1693 853 1753 935 p'u·

115 953 321 1034 gnoscendos
335 957 366 1012 et
385 950 545 1014 tollendos
565 947 708 1012 defectus
725 949 775 1012 vel
795 965 908 1012 exces-
963 945 1298 1025 diriulirerrevelarit3

116 1071 176 1118 soa
190 1051 401 1134 regularium,
423 1052 479 1114 sed
495 1051 642 1117 etiamad
665 1049 909 1132 cognoscendos
1001 1045 1034 1108 l.
1049 1046 1083 1108 Si
1098 1046 1251 1111 delictum
1266 1049 1310 1110 ita
1325 1057 1433 1132 vergat
1449 1051 1483 1114 in
1500 1051 1752 1128 communitatis,

117 1153 221 1216 bonos
238 1152 409 1231 religiosos
428 1157 462 1214 et
475 1150 644 1231 qualitates
659 1156 908 1230 eorumquate·
961 1154 1016 1210 aut
1031 1147 1132 1221 tertii,
1148 1157 1203 1211 aut
1219 1148 1388 1228 ipsiusmet
1402 1150 1624 1232 delinquentis
1647 1153 1751 1212 aletri-

117 1271 182 1316 nus
196 1251 277 1318 aciat
300 1251 450 1331 prelatus
474 1253 577 1332 major
602 1251 716 1332 quales
739 1249 908 1331 religiosos
962 1258 1119 1321 mentum,
1137 1256 1173 1310 ut
1189 1247 1386 1312 denuntians
1400 1257 1545 1312 teneatur
1565 1251 1645 1314 illud
1658 1250 1754 1314 etiarn

116 1355 193 1418 aliis
214 1354 397 1435 praeficere,
412 1351 463 1418 vel
478 1351 518 1418 ad
533 1351 635 1418 officia
655 1351 816 1434 applicare
831 1365 909 1431 pos-
954 1347 1158 1430 judicialiter
1196 1345 1424 1425 manifestare,
1458 1357 1488 1412 et
1521 1351 1565 1413 ita
1599 1352 1640 1414 de
1672 1350 1756 1415 iacto

117 1456 163 1519 sit
183 1471 220 1520 ac
234 1455 361 1520 debeat.
965 1445 1174 1522 manifestet,
1195 1446 1342 1528 quemuis
1367 1465 1432 1512 non
1454 1451 1654 1527 sponsasse
1678 1450 1757 1516 iror-

156 1557 215 1620 lll.
235 1555 358 1619 Prolati
376 1555 540 1636 regulares
563 1553 780 1618 visitationem
802 1551 908 1617 facere
963 1552 1049 1610 tante
1068 1545 1118 1610 rel
1134 1547 1230 1609 etiam
1253 1547 1459 1627 precipiente
1480 1547 1669 1622 visitatore;

117 1663 272 1721 tenentur
288 1655 386 1720 etiam
397 1656 472 1737 jure
487 1655 613 1731 divino;
631 1657 689 1720 sed
704 1655 781 1736 jure
801 1653 905 1718 eoele-
1001 1643 1032 1707 5.
1048 1643 1081 1706 Si
1096 1642 1252 1706 visitatori
1262 1642 1483 1707 manifestetur
1499 1644 1632 1724 aliquod
1642 1662 1680 1707 cr
1694 1645 1757 1708 cri·

117 1756 252 1820 sisariae
274 1759 420 1820 eamdam
441 1755 547 1818 faeere
578 1754 831 1818 semetipsum
849 1751 908 1814 dns
963 1739 1107 1805 minibus
1133 1758 1207 1822 quae
1231 1753 1363 1822 excepte
1383 1753 1414 1806 et
1435 1742 1566 1822 pellica
1586 1743 1755 1806 dicuntur.

117 1849 218 1928 beat;
232 1851 358 1914 statutis
371 1867 448 1916 vero
466 1850 636 1930 religionis
656 1856 792 1931 possunt
806 1847 908 1912 teneri
962 1839 1039 1901 Nom
1061 1849 1170 1902 contra
1189 1839 1256 1902 hoo
1271 1840 1405 1902 crimino
1421 1847 1525 1919 potest
1544 1849 1576 1904 et
1596 1841 1689 1902 debet
1700 1842 1759 1923 ju·

117 1949 159 2014 ad
182 1950 386 2016 visitationes
410 1951 662 2032 frequentiores.
683 1952 752 2014 imo
773 1951 814 2012 de
832 1948 907 2029 jure
962 1937 1122 2003 dictatorer
1157 1939 1353 2018 procedere.
1383 1940 1592 2021 quantumvis
1628 1940 1691 2020 ipsi
1722 1949 1758 2004 ur

118 2051 285 2114 communi
321 2057 484 2128 puppup,
514 2057 628 2131 ppoergp
654 2065 799 2123 gnum,
830 2046 907 2110 piiss
962 2040 1056 2117 patri,
1071 2048 1178 2102 ctnon
1193 2039 1341 2120 utJudiol
1357 2037 1481 2104 fuerint
1497 2039 1648 2104 revelata.
1667 2040 1758 2104 Dicta

118 2151 217 2216 priam
241 2151 446 2216 pisippiopes
471 2151 592 2230 poppe,
619 2152 648 2216 sp
676 2151 782 2233 gravis
812 2164 908 2214 causa
960 2145 1068 2200 autem
1084 2138 1220 2201 crimina
1236 2146 1312 2202 sunt
1326 2139 1496 2221 sequentia
1513 2140 1679 2215 :haeresis
1697 2143 1759 2204 eri·

118 2259 285 2333 exposcet.
960 2255 1033 2302 men
1067 2237 1150 2302 larse
1176 2239 1363 2320 majestatis,
1391 2239 1608 2318 blasphemia,
1636 2241 1759 2304 crimen

156 2353 214 2416 li'.
224 2353 262 2416 ln
274 2353 459 2418 visitatione
471 2354 635 2419 ordinaria
647 2360 751 2434 potest
761 2351 909 2415 uisitator
960 2338 1122 2417 Stililissii
1145 2338 1376 2420 (⁰1⁸0i1510850
1394 2346 1426 2402 0²
1449 2339 1688 2420 Pi⁰f⁸⁰⁸²iO¹¹⁰⁸
1708 2357 1759 2404 ⁵³·

118 2453 153 2518 ᾗ,
170 2454 280 2535 Speos,
295 2455 335 2519 gg
350 2455 404 2518 ppj
421 2455 587 2534 pereffoso,
600 2454 690 2518 ,erpi
703 2453 816 2534 gnua,
831 2469 909 2534 qug-
961 2436 1114 2518 crorum),
1130 2435 1334 2500 latrocinium
1349 2445 1379 2501 et
1397 2445 1613 2518 grassationes
1633 2439 1759 2502 riarum

118 2553 195 2620 ΜΘ,
224 2556 375 2636 ,mim
401 2555 519 2620 pomus
548 2573 621 2620 ,050
651 2556 685 2618 j„
716 2569 777 2618 ,uo
804 2552 909 2614 offipp,
963 2535 1177 2614 publicarum,
1199 2537 1321 2600 crimen
1334 2538 1514 2616 assassinii,
1532 2539 1655 2602 crimen
1671 2531 1760 2603 falsas

119 2663 220 2738 gerat,
254 2656 305 2720 vel
336 2655 501 2738 quomodo
528 2655 601 2720 talis
630 2655 710 2718 alter
734 2651 911 2734 religiosus
963 2643 1099 2698 inmiti&
1116 2637 1316 2714 0²⁵iffl⁰ssl³i
1658 2695 1660 2702 ,

120 2755 250 2836 regulas
275 2765 393 2820 servet.
419 2759 526 2820 Potest
558 2755 655 2820 etiam
683 2752 824 2818 subditis
854 2769 910 2831 per
1002 2739 1031 2798 θ·
1049 2737 1081 2800 Si
1110 2745 1218 2801 ⁰⁰¹lli⁸
1244 2736 1387 2818 aliquem
1413 2739 1604 2818 iilisslOSllffl
1632 2745 1760 2802 mliii*

119 2864 261 2922 sanctam
277 2857 496 2922 obedientiam
522 2860 697 2936 precipere
722 2871 762 2917 ue
785 2850 911 2933 aliquid
963 2835 1157 2899 sufficientia
1172 2837 1294 2901 indicia
1313 2837 1460 2902 oriminis
1476 2840 1516 2902 ab
1530 2855 1569 2902 eo
1580 2841 1758 2906 commissi.

119 2961 293 3032 retineant,
310 2959 367 3022 sed
383 2966 500 3023 concta
522 2955 678 3021 visitatori
704 2954 842 3020 iideliter
857 2968 910 3016 re·
1002 2961 1031 3022 i.
1055 2959 1088 3024 si
1118 2958 1273 3022 delictum
1295 2969 1403 3042 vergat
1426 2962 1462 3026 in
1491 2962 1648 3026 damnum
1671 2977 1760 3026 com·

120 3062 243 3126 velent.
265 3060 385 3140 Nequit
411 3068 517 3123 umen
539 3057 693 3122 adhibere
720 3054 913 3120 secretarius
965 3056 1135 3121 munitatis
1151 3058 1199 3120 rel
1215 3058 1318 3134 tertiis

121 3159 332 3235 somnusve,
361 3157 420 3238 qui
446 3158 718 3238 interrogatorum
743 3155 830 3218 dicta
852 3153 911 3216 ad·
1003 3158 1035 3220 8.
1052 3156 1086 3220 si
1103 3157 1302 3238 delinquens
1327 3156 1362 3218 in
1377 3155 1521 3238 flagranti
1551 3157 1673 3220 delicto
1698 3155 1759 3220 do·

121 3267 223 3326 metat.
965 3255 1193 3336 prehendatur.
1203 3256 1326 3337 (Quoad
1341 3257 1428 3320 uaria
1440 3257 1473 3319 in
1495 3257 1644 3337 prasenti
1656 3257 1763 3335 capito

160 3362 202 3426 v,
227 3363 393 3448 Tenentur
413 3356 538 3422 subditi
562 3357 598 3422 iu
615 3355 801 3422 visitatione
822 3350 912 3416 ordi·
965 3365 1100 3429 asserta,
1124 3358 1199 3420 ride
1224 3357 1430 3437 probationes
1457 3359 1543 3437 apud
1567 3359 1757 3430 narrasse..

121 3475 213 3524 uana
240 3457 402 3538 superiori
431 3454 575 3521 visitanti
616 3452 847 3524 manifestare,
880 3455 914 3514 et
965 3457 1000 3520 in
1032 3456 1218 3531 ria.1,iib,
1254 3457 1533 3534 ,aperientium
1561 3465 1592 3522 er
1617 3461 1760 3531 suam,

121 3563 236 3626 saltem
263 3567 394 3641 poterrrc
418 3557 612 3621 denuntiare
641 3554 751 3622 omnia
781 3551 912 3629 delicta,
968 3559 1011 3621 Da
1045 3555 1213 3637 relipiorte,
1244 3565 1333 3621 tract.
1355 3577 1432 3634 van,
1456 3558 1513 3622 iio.
1546 3577 1588 3634 nr
1609 3567 1641 3622 et
1669 3558 1754 3628 apud
1806 3621 1807 3626 ,

121 3656 452 3731 excessusdeteetus,
462 3654 737 3737 transgressiones
748 3660 779 3716 et
790 3650 913 3714 abusus
965 3659 1003 3722 it.
1019 3658 1386 3739 Beorx,iicp'erarepul.
1412 3666 1490 3722 tom.
1505 3658 1549 3735 ll,
1566 3675 1638 3739 pag.
1658 3655 1717 3720 ibi
1730 3665 1762 3718 et

120 3761 256 3825 latrum
283 3764 462 3822 conventus
477 3765 532 3820 aut
547 3755 735 3838 provinciae,
752 3761 784 3816 et
798 3751 913 3816 delicta
966 3755 1052 3838 seq.)

121 3859 221 3923 etiam
236 3855 467 3932 occultissima,
485 3855 616 3936 solique
631 3855 773 3934 peccanti
788 3854 912 3917 nociva.
1258 3857 1375 3915 cliiii
1398 3857 1470 3914 liiii.
1569 3871 1571 3876 ·

160 3959 485 4024 simoniacosn
508 3959 644 4031 occulto.
669 3972 726 4034 per
751 3955 913 4020 visitatio·
967 3969 1289 4042 repraesentarem
1300 3969 1670 4041 reterniiawreerutipn
1681 3966 1762 4021 aaran

122 4079 199 4127 uem
221 4069 386 4142 petonem
411 4057 552 4139 cognita,
571 4073 777 4139 nequaquam
801 4055 914 4120 visite·
1247 4039 1369 4110 scriptore
1391 4049 1478 4097 arare.

121 4165 190 4228 tori
205 4163 279 4226 licet
291 4161 423 4243 publice
437 4160 472 4222 in
487 4159 642 4236 capitulo,
652 4167 708 4221 aut
718 4158 824 4222 cuivis
855 4175 913 4237 pre
1156 4147 1171 4222 f
1191 4147 1213 4204 ¹·
1228 4178 1265 4189 ··
1279 4147 1317 4204 ⁰0
1332 4164 1409 4220 iiiii
1427 4156 1574 4220 emittite·

122 4263 222 4328 libitu
246 4261 463 4326 maoiiesrare.
480 4263 585 4323 Potest
610 4268 734 4336 tamen,
758 4277 798 4323 er
818 4261 915 4323 ratio·
1007 4263 1033 4326 l.
1058 4263 1141 4340 Papa
1163 4278 1203 4323 ex
1216 4260 1304 4340 iusta
1328 4269 1360 4324 et
1379 4261 1562 4326 rationabili
1588 4277 1684 4325 causa
1709 4262 1758 4326 di-

122 4364 225 4428 aabili
239 4380 346 4438 causa,
362 4362 452 4426 verbi
471 4363 582 4443 gratia,
602 4377 660 4441 pro
678 4362 817 4440 petendo
840 4375 916 4424 con·
968 4377 1123 4443 spensarc
1142 4368 1246 4440 potest
1265 4361 1298 4423 in
1323 4363 1471 4441 quolibet
1488 4369 1574 4435 voto,
1598 4370 1659 4424 tam
1683 4363 1762 4424 sim·

127 4463 219 4539 silio,
235 4479 272 4526 ea
290 4463 433 4526 revelare
456 4461 511 4524 uni
529 4469 584 4525 arat
606 4459 773 4540 pluribus;
790 4459 823 4522 ui
841 4475 917 4522 rere
970 4461 1045 4539 plici
1075 4477 1171 4542 quarn
1202 4460 1362 4536 solemni,
1390 4477 1454 4524 non
1483 4465 1589 4525 solum
1617 4461 1706 4524 edi-to
1729 4461 1762 4524 in

128 4565 170 4629 ad
185 4573 344 4627 secretum
359 4562 553 4626 serrandum
567 4560 777 4625 tenebuntur.
969 4561 1178 4639 susceptione
1193 4561 1275 4624 seori
1291 4562 1428 4637 ordinis,
1444 4563 1499 4624 sed
1519 4563 1614 4624 etiam
1632 4563 1666 4624 in
1686 4576 1761 4640 pro·

170 4668 242 4730 vlt.
263 4669 370 4730 Potest
393 4664 550 4739 visitator,
571 4663 614 4728 eb
638 4665 754 4728 delleta
777 4661 917 4744 alicuius
969 4665 1114 4728 fossione
1128 4663 1295 4744 religiosa,
1312 4672 1344 4727 et
1360 4665 1528 4745 regulares
1544 4664 1664 4727 liberos
1687 4682 1762 4743 pro·

126 4765 289 4848 religiosi,
303 4781 360 4844 per
371 4763 590 4828 visitationem
601 4771 762 4844 paternam
774 4763 915 4844 cognita,
970 4764 1123 4830 fessionis
1146 4781 1215 4828 suae
1239 4765 1371 4835 vinculo
1398 4766 1516 4830 facere.
1537 4765 1760 4846 (Conrmunis,

124 4867 212 4929 eirea
239 4864 348 4942 ipsum
369 4862 511 4925 remedia
532 4861 625 4926 utilia
648 4861 688 4926 ad
713 4861 916 4926 emendatio·
970 4881 1027 4946 per
1056 4867 1152 4928 verba
1176 4864 1296 4930 Christi
1317 4867 1428 4930 ldattln
1453 4880 1546 4933 xrrrr.
1575 4867 1627 4939 aar
1654 4865 1762 4941 Quod·

124 4981 203 5030 nem
228 4962 415 5043 disponere.
443 4964 592 5026 Attamen
614 4963 766 5043 superior
788 4962 916 5026 nullum
969 4981 1090 5044 canpe
1110 4963 1240 5027 actuaris
1263 4981 1361 5044 roprr
1384 4974 1511 5039 torum,
1538 4967 1599 5028 rrit
1619 4964 1762 5027 solutura

124 5060 601 5144 potastjndicialitertractare,
625 5060 837 5125 condemnare
861 5063 917 5126 aul
971 5065 1151 5130 erescere.
1172 5069 1209 5128 lit
1234 5066 1277 5130 de
1295 5065 1379 5130 iacto
1396 5066 1507 5145 plures
1530 5065 1697 5146 pontifices
1716 5063 1764 5127 sir

123 5161 259 5245 punire,
276 5161 320 5224 ob
336 5167 463 5241 peecata
493 5163 673 5242 peractam
696 5160 916 5227 visitationem
970 5168 1254 5246 dispensaverunt.

124 5263 325 5327 ordinariam
343 5262 482 5341 cognita.
1009 5267 1050 5329 il.
1078 5269 1183 5330 Potest
1208 5283 1300 5346 papa,
1324 5267 1392 5330 duo
1418 5267 1481 5332 alia
1508 5272 1580 5328 vota
1601 5262 1760 5327 solemnia

164 5363 255 5428 vili.
281 5365 389 5428 Potest
408 5362 624 5428 nihilomiuus
644 5361 800 5435 visitator,
823 5376 918 5425 ocea-
972 5364 1007 5429 in
1025 5381 1085 5428 sua
1109 5365 1293 5446 integritate
1320 5366 1550 5446 relinquendo,
1571 5361 1761 5438 dispensare

125 5465 222 5529 sione
234 5465 431 5529 visitationis
439 5477 590 5546 paternae,
601 5481 748 5546 gressum
763 5464 866 5526 lacere
877 5463 915 5526 ad
972 5464 1149 5546 partialiter
1163 5482 1223 5528 seu
1244 5466 1385 5528 totaliter
1400 5466 1434 5529 io
1455 5472 1530 5528 soto
1549 5459 1760 5542 paupertatis.

125 5565 379 5646 inquisitionem
405 5566 593 5649 iudicialem
634 5567 669 5630 iu
705 5564 917 5646 sequentibus
970 5567 1015 5632 ita
1030 5574 1065 5630 ut
1079 5567 1106 5629 si
1123 5573 1245 5630 tantum
1260 5565 1429 5645 dispenset
1441 5563 1629 5646 partialiter,
1656 5577 1760 5624 rerrra-

124 5665 268 5732 carious.
971 5670 1057 5736 neat,
1083 5670 1184 5724 status
1201 5662 1349 5743 religiosi
1373 5662 1528 5727 essentia.
1549 5660 1622 5741 (Sed
1640 5661 1667 5721 si
1694 5659 1760 5720 dis·

169 5769 199 5832 f.
215 5769 353 5844 Quando
367 5768 625 5850 delictum,quod
638 5768 670 5832 ci
684 5767 719 5832 io
734 5765 916 5831 visitatione
969 5772 1085 5844 penset
1099 5763 1238 5828 totaliter
1265 5763 1298 5829 in
1313 5767 1399 5832 dictu
1419 5771 1507 5844 voto,
1531 5763 1637 5830 delicit
1658 5767 1758 5824 status

128 5873 263 5946 paterne
276 5870 502 5936 denuntiatum
513 5868 586 5948 luit,
599 5868 664 5951 jem
680 5875 729 5936 est
742 5868 916 5946 notoriumr
972 5862 1119 5948 religiosi
1135 5864 1301 5944 esseruiap
1747 5887 1753 5894 ·
