4008 6460
122 447 164 514 l!
262 443 264 447 ⁷
452 447 552 510 Ριῐιὸ
566 443 624 510 111.
645 431 698 512 ΒΕ
712 445 899 515 rmsouts
928 469 964 484 ···
982 447 1055 510 tta.
1076 447 1141 508 tlt.
1164 435 1415 509 utt‘ttttttlffls,
1710 417 1751 513 ii

121 573 168 622 ιι
183 572 253 635 cap.
273 571 309 617 ιιι
337 556 519 634 Numerum,
536 577 620 624 vers.
633 561 690 636 1οι
705 569 736 625 ιι
751 579 819 642 cap.
836 577 910 633 xes,
960 559 1036 622 ucri
1050 568 1078 621 ιι
1095 558 1222 633 discuti.
1253 577 1311 640 per
1337 577 1410 641 qua
1431 559 1668 623 demonstratur
1696 579 1746 623 or·

122 673 211 721 sera.
229 655 265 718 tt
279 665 310 720 et
328 659 382 734 to;
399 666 430 722 et
443 677 481 722 ex
497 661 554 723 lib.
575 663 588 726 l
607 663 728 739 llsdroe,
745 681 813 745 cap.
830 681 912 739 surr,
962 659 1160 723 linationem
1181 667 1212 724 et
1234 661 1484 736 discussionem,
1505 680 1562 724 seu
1584 661 1745 742 judicium

122 774 211 821 sors.
229 754 281 820 ii.
962 755 1152 820 elericorum
1168 759 1293 838 dejure
1309 761 1420 824 diuino
1433 763 1591 839 pertinere
1608 763 1644 824 ad
1660 763 1747 826 solos

173 855 216 916 ι’.
231 854 319 916 idem
342 853 476 919 hebetur
499 873 539 920 er
564 859 707 923 dietrici
733 875 802 938 cap.
831 875 911 932 ssu,
962 857 1131 939 episcopos
1153 867 1185 922 et
1211 861 1388 938 respective
1401 861 1529 942 judices
1554 861 1748 926 ecclesiasti·

122 971 211 1017 unrs.
228 955 269 1018 25
291 961 323 1017 ιι
352 971 455 1038 seqq,
471 957 526 1021 ubi
550 959 698 1024 Christus
716 961 858 1041 seipsum
881 969 913 1024 et
963 974 1029 1022 cos.
1056 959 1146 1022 Unda
1172 958 1297 1032 Glossa,
1328 959 1407 1023 ibid.
1439 981 1523 1026 vers.
1551 961 1593 1023 Ει
1616 960 1745 1034 discuti,

122 1057 416 1122 Petrumatributo
429 1061 586 1124 soluendo
600 1061 736 1137 eximite
752 1075 823 1125 nara
837 1079 911 1125 cum
962 1058 1010 1124 sic
1039 1067 1186 1124 notanter
1216 1059 1399 1124 concludit:
1426 1085 1441 1118 a
1465 1065 1547 1144 Ergo
1575 1073 1746 1144 antequam

121 1155 251 1238 abipso
280 1155 465 1238 exigeretur
496 1159 663 1234 tributum,
697 1161 778 1223 dixit
793 1163 910 1224 Petror
963 1167 1047 1224 essct
1072 1159 1179 1241 aliqua
1199 1161 1398 1236 constitutio,
1428 1163 1522 1224 etiam
1545 1163 1653 1227 clerici
1684 1179 1748 1226 nou

121 1258 343 1338 necessarus
372 1279 393 1320 n
422 1261 535 1342 quibus
563 1264 725 1342 accipiunt
760 1261 912 1325 tributum
962 1259 1110 1324 erantde
1134 1261 1365 1340 jurisdictione
1389 1263 1746 1334 saecularirnndeom·

124 1356 189 1436 (rel
217 1358 415 1440 censum),n
445 1360 617 1442 tiliissuis,
642 1362 688 1426 cel
708 1363 746 1426 ab
771 1361 911 1426 clieeisl
963 1376 1021 1424 nes
1048 1359 1296 1424 constitutiones
1329 1379 1401 1441 quas
1428 1371 1626 1432 emanarunt,
1660 1363 1749 1441 quod

125 1458 164 1518 Et
192 1459 409 1537 respondente
440 1462 560 1525 Patro:
590 1461 635 1524 at
657 1463 785 1537 alienis,
804 1462 914 1524 subin·
962 1460 1069 1524 clerici
1093 1477 1156 1522 non
1179 1462 1244 1522 sint
1255 1459 1421 1540 judicandi
1439 1462 1500 1523 nisi
1517 1461 1557 1523 ab
1573 1461 1747 1540 episcopis,

122 1555 201 1618 tulit
216 1556 385 1622 Christus:
419 1560 505 1642 ls'rpe
533 1560 627 1625 liberi
648 1569 725 1625 susat
748 1550 818 1643 litii.
845 1565 911 1626 No·
963 1568 1122 1625 noasunt
1141 1561 1203 1624 nisi
1224 1561 1308 1642 iuris
1335 1562 1552 1626 declaratio.»
1582 1565 1618 1626 Et
1633 1563 1744 1626 claris-

122 1655 216 1721 usine
239 1664 347 1722 autem
373 1659 516 1726 liliorum
546 1662 773 1744 intelliguntur
800 1679 912 1725 omnes
964 1661 1044 1723 sime
1075 1659 1150 1724 iacit
1176 1677 1245 1740 cap.
1283 1661 1439 1742 sylvester
1471 1664 1530 1737 13,
1566 1679 1661 1725 causa
1696 1663 1745 1734 11,

122 1759 307 1824 sacerdotes
323 1761 501 1840 etulerint,
525 1765 583 1846 qni
611 1781 684 1828 curn
710 1763 848 1837 Christo,
875 1777 913 1825 ac
963 1767 1076 1840 quaest.
1092 1763 1121 1834 1,
1143 1761 1200 1823 ubi
1222 1769 1351 1825 sanctus
1375 1763 1523 1828 Gelasius
1540 1781 1616 1844 parra
1634 1779 1745 1842 repre·

120 1857 185 1920 itai
201 1859 336 1925 servitio
361 1864 568 1943 peculiariter
593 1864 731 1930 dedicati
754 1865 852 1927 sinte
870 1861 913 1925 ln-
964 1859 1076 1925 bendit
1095 1861 1234 1942 grariter
1248 1869 1435 1925 attentatum
1451 1865 1619 1944 cujusdam
1634 1863 1746 1928 clerici

125 1957 304 2042 miliarias
332 1980 405 2026 esse
429 1972 617 2030 censentur.
645 1967 715 2030 Non
743 1965 831 2029 enim
856 1965 913 2028 illa
963 1961 1003 2024 ad
1028 1961 1181 2024 saeuius
1213 1961 1375 2044 judicium
1409 1965 1639 2044 pertrahentis,
1668 1966 1745 2030 ibis

124 2060 222 2122 serbe
240 2061 450 2143 intelligenda
475 2071 552 2128 suut
569 2065 610 2129 de
635 2066 841 2146 exemptione
856 2082 908 2128 so·
962 2061 1006 2124 Ει
1026 2070 1139 2150 contre
1152 2063 1232 2142 leges
1250 2060 1375 2126 divisus
1391 2075 1419 2126 ιι
1437 2067 1593 2144 publicas,
1614 2065 1751 2144 pulsetis

125 2158 192 2222 lius
210 2160 343 2238 Christi,
361 2164 479 2228 silveri
503 2165 579 2238 Filii
605 2165 678 2241 bet,
708 2181 780 2230 nam
805 2164 913 2228 statim
964 2162 1110 2239 clericis,
1133 2166 1239 2245 serum
1265 2183 1357 2227 suum
1382 2167 1503 2244 putetis
1532 2167 1666 2246 auferri.
1691 2165 1759 2228 Ubi·

120 2259 222 2340 jussit
238 2263 396 2337 Christus,
424 2275 458 2328 ιιι
484 2264 524 2328 ad
548 2265 914 2330 vitandumscandalurn
963 2270 1039 2326 nota
1065 2263 1120 2327 illa
1148 2265 1370 2328 verbascutru
1389 2265 1468 2345 teges
1499 2263 1638 2328 divinas.
1665 2265 1751 2339 Quid

122 2362 240 2424 Petrus
254 2362 421 2427 inventurn
442 2364 476 2428 iu
499 2381 555 2428 ore
575 2365 673 2446 piscis
691 2373 839 2429 staterem
860 2367 915 2428 da·
964 2364 1053 2426 enim
1083 2363 1229 2426 clarius?
1263 2364 1419 2428 Similiter
1453 2365 1589 2427 babetur
1623 2365 1656 2427 in
1680 2381 1750 2444 cup

123 2467 174 2524 ret
196 2467 611 2543 proutroque3Utautern
629 2483 695 2529 ιιοιι
721 2466 915 2530 creduliss-
964 2463 1065 2528 Nimis
1089 2463 1126 2526 de
1143 2463 1407 2546 juredicinosstl,
1425 2463 1663 2528 ibitNimisde
1675 2465 1753 2545 jure
1848 2449 1850 2458 ’

121 2577 195 2624 usus
218 2579 281 2640 ees,
296 2563 337 2627 da
352 2565 397 2628 eis·
406 2582 467 2645 pse
484 2585 532 2628 me
557 2575 586 2628 et
604 2575 633 2630 ιι
647 2587 657 2634 r
670 2567 817 2648 adeoque
833 2572 917 2630 uter·
965 2561 1072 2624 dicius
1098 2562 1223 2642 puidam
1239 2563 1313 2625 laici
1333 2579 1491 2640 usurpare
1506 2563 1667 2636 nituntur,
1683 2579 1755 2623 cum

123 2680 191 2744 que
206 2662 245 2726 de
256 2665 331 2745 J'ura
354 2673 523 2746 exemptus
542 2667 800 2747 dignoscebatur,
819 2667 913 2732 Cbri-
964 2665 1051 2726 uires
1065 2665 1301 2739 ecclesiasticos,
1326 2665 1408 2728 nibil
1425 2661 1595 2743 temporale
1609 2661 1752 2725 obtinen-

123 2775 196 2827 stus
213 2766 344 2845 qnidam
360 2775 394 2829 ut
413 2783 507 2831 uerus
524 2766 625 2831 llilius
655 2768 752 2848 Regis
779 2783 914 2846 regum
966 2773 1011 2825 ιιι
1038 2763 1077 2827 ab
1106 2767 1162 2850 eis,
1185 2763 1227 2825 nd
1252 2761 1655 2844 prustendssmjurumente
1674 2781 1755 2826 com·

124 2863 242 2926 Petrus
264 2879 340 2928 rero
359 2866 459 2930 soluti
488 2876 721 2947 representans
740 2868 914 2931 Ecclesiam
962 2864 1100 2943 pellunt.
1121 2865 1158 2924 Et
1185 2880 1338 2941 expresse
1361 2863 1597 2924 demonstratur
1621 2861 1656 2924 in
1683 2879 1752 2941 cap.

124 2980 282 3042 sponsam
299 2965 430 3044 Christi,
445 2973 476 3030 ct
499 2967 732 3031 ecclesiasticas
748 2984 914 3048 personas,
966 2965 1149 3044 Quanquam
1166 2964 1197 3033 lu.
1223 2965 1268 3025 lle
1295 2964 1438 3026 censibus
1456 2963 1489 3025 in
1504 2965 1536 3038 6,
1558 2963 1603 3025 ibi
1623 2961 1754 3026 Bonifa-

126 3069 281 3141 tanquam
309 3063 507 3130 domesticus
539 3064 730 3146 ejus,cu1n
758 3065 854 3128 otiam
881 3066 916 3132 in
966 3065 1038 3128 cius
1062 3066 1155 3128 t'llt:
1176 3065 1372 3144 Corripitur
1400 3064 1536 3127 ecclesie
1567 3065 1756 3127 ecclesiasti·

125 3161 270 3226 burmann
288 3163 399 3244 politia
414 3181 479 3229 non
508 3165 614 3228 solum
641 3167 841 3248 ottingun,
858 3167 915 3230 sed
964 3183 1067 3246 cuque
1091 3183 1241 3246 persona,
1265 3184 1301 3228 nc
1324 3181 1374 3225 ιιι
1403 3165 1546 3245 ipserum
1570 3181 1634 3225 uon
1655 3163 1757 3226 sotum

124 3263 226 3326 etiarn
244 3280 356 3328 eorum
372 3267 539 3331 domestici
553 3267 649 3331 liberi
661 3268 757 3331 sinta
776 3267 915 3331 tributis.
960 3267 1037 3349 jure
1052 3268 1199 3342 tumesco,
1226 3269 1303 3348 puin
1333 3273 1363 3327 et
1387 3265 1494 3328 divisse
1523 3263 1756 3327 esnculcriuns

124 3365 171 3430 ltu
190 3368 238 3430 sie
267 3365 412 3431 inierunt
437 3370 490 3433 SS.
519 3369 741 3451 llicronymus
767 3370 802 3432 in
830 3370 916 3432 dicto
966 3365 1408 3446 persmceumeeceu'oattus
1432 3366 1498 3427 siut
1516 3366 1753 3438 immensurate.

124 3482 201 3545 cap.
225 3485 294 3529 arn
322 3467 444 3546 tlatth.;
479 3469 665 3551 augustin,
690 3471 915 3549 librorum.
969 3468 1007 3528 lit
1034 3465 1145 3529 multis
1171 3465 1244 3528 aliis
1269 3465 1431 3528 canonicis
1460 3465 1614 3542 textibus,
1641 3465 1674 3528 id
1692 3481 1756 3530 non

126 3567 298 3648 Encnpel,
322 3578 436 3651 quast.
459 3571 518 3648 sae
534 3573 707 3638 Maldonat.
730 3572 766 3637 in
793 3591 821 3636 ι.
850 3590 918 3638 xva
967 3565 1106 3628 obscure
1135 3564 1356 3628 asserentibus
1383 3565 1589 3629 adducuntur
1608 3581 1665 3644 pro
1683 3580 1758 3627 om·
1854 3601 1858 3610 .

18 3729 24 3740 .
126 3669 256 3748 blatrb,
274 3671 435 3754 Pirrbing,
451 3680 511 3739 etc.
968 3664 1066 3728 nibus
1086 3664 1201 3729 concil.
1232 3667 1420 3728 lateranen.
1454 3685 1485 3737 ι,
1510 3683 1590 3729 sess.
1621 3667 1652 3738 o,
1682 3664 1755 3727 ibis

170 3777 203 3837 3·
216 3777 371 3842 Probatur
389 3777 525 3858 insuper
549 3777 647 3842 uariis
670 3777 813 3841 textibus
832 3778 919 3858 juris
966 3765 1164 3846 emim
1190 3773 1253 3827 “lm
1274 3763 1382 3828 divim
1410 3783 1501 3843 quem
1517 3765 1650 3828 illim
1666 3764 1757 3828 '⁰⁸⁸⁶ss

127 3874 279 3938 canonici
308 3875 516 3957 priuilegium
541 3875 605 3940 iori
631 3876 822 3940 clericorum
847 3891 918 3940 esse
968 3864 1209 3946 colummella
1230 3865 1265 3927 t'lt
1288 3864 1513 3927 ιιιῐιιίαειίιαι
1535 3882 1686 3944 personas
1709 3875 1758 3928 ct·
1847 3867 1848 3870 ’

129 3978 174 4035 de
198 3973 273 4053 jure
296 3973 422 4038 divino.
443 3976 482 4038 Et
509 3973 672 4053 inprimis
696 3989 781 4037 erc.
807 3963 919 4036 contis
969 3966 1090 4028 tributu
1124 3966 1180 4029 sit.
1218 3963 1257 4028 lit
1294 3964 1470 4028 concilium
1506 3964 1757 4044 tridentinum,

128 4093 197 4136 nun
210 4073 239 4146 5,
255 4091 349 4140 censa
364 4077 413 4152 11,
426 4083 540 4155 quast.
555 4077 584 4151 1,
601 4075 656 4139 nbi
671 4075 819 4150 retertur,
832 4075 919 4156 quod
970 4081 1052 4129 sess.
1074 4067 1125 4140 25,
1148 4067 1193 4128 Dc
1209 4067 1337 4146 reform·
1366 4081 1436 4146 ιιι.
1453 4064 1505 4135 2⁰.
1523 4063 1578 4126 ubi
1603 4081 1757 4144 expressa

128 4170 168 4235 in
188 4175 288 4252 prima
301 4174 444 4255 generali
457 4175 581 4256 synodo
596 4174 733 4249 Nicaena,
750 4181 823 4237 ante
836 4191 921 4236 ema·
970 4174 1187 4231 contestatur:
1203 4167 1352 4230 Ecclesiae
1370 4176 1399 4228 et
1422 4184 1630 4248 personarum
1658 4165 1757 4228 eccle·

130 4280 243 4337 natum
262 4275 483 4357 quodeunque
513 4274 603 4338 aliud
629 4273 837 4355 privilegium
866 4291 923 4336 su·
970 4269 1171 4332 siesticcrum
1190 4269 1415 4330 immunitatem
1434 4267 1492 4329 liei
1514 4267 1714 4329 ordinatione
1729 4273 1760 4328 ιι

130 4393 193 4457 per
205 4375 412 4456 exemptione
424 4376 628 4452 clericorum,
641 4377 680 4440 nd
706 4377 920 4456 quorumdam
970 4367 1132 4432 canonicis
1161 4365 1377 4429 sanctionibus
1404 4366 1617 4428 coustitutum.
1644 4363 1760 4445 (Apud
1840 4425 1842 4430 ,
1895 4349 1896 4354 ’

130 4476 282 4558 querelas
304 4486 413 4540 contra
427 4477 561 4542 clericos
575 4493 680 4541 coram
696 4493 731 4538 se
746 4475 920 4553 depositas,
971 4471 1126 4540 Fracta..
1140 4469 1229 4531 verb.
1242 4466 1393 4540 Clericus,
1412 4473 1469 4528 art.
1485 4467 1517 4539 ι,
1530 4481 1563 4527 n.
1574 4465 1614 4527 ’18
1631 4474 1661 4526 ct
1676 4461 1762 4548 seq.)

126 4577 181 4640 sic
215 4578 473 4658 pronuntiaverit
505 4577 734 4641 Constantinus
763 4576 921 4654 Magnus:
1011 4573 1121 4642 Porro,
1138 4567 1194 4631 ubi
1215 4567 1320 4646 agitur
1336 4568 1377 4628 rte
1401 4565 1462 4628 lide
1485 4570 1518 4628 et
1541 4563 1581 4626 de
1609 4561 1682 4644 jure
1707 4563 1761 4626 di·
1858 4584 1860 4588 ¹

135 4677 197 4738 Vos
208 4697 229 4738 n
240 4680 361 4740 semina
381 4675 554 4760 dijudicari
575 4677 719 4759 potestis,
743 4675 798 4757 qui
810 4675 852 4738 ud
865 4676 923 4737 Dei
974 4671 1050 4736 rino
1064 4678 1094 4733 et
1107 4669 1202 4732 rebus
1218 4667 1339 4732 diuinis
1356 4674 1387 4730 et
1401 4663 1641 4740 ecclesiasticis,
1658 4663 1761 4744 magis

131 4777 234 4841 soiius
241 4777 401 4861 judicium
413 4781 628 4842 reservemini.
644 4780 678 4843 ld
691 4781 798 4862 ipsum
815 4781 921 4846 insius
974 4770 1123 4834 stolidum
1143 4775 1192 4831 est
1205 4766 1331 4848 judicio
1349 4782 1437 4846 papas
1451 4763 1489 4826 ad
1507 4779 1604 4845 quern
1622 4760 1760 4842 pertinet

133 4879 272 4943 babetur
283 4879 317 4943 in
332 4898 361 4944 c.
376 4881 531 4943 Futurum
546 4883 596 4956 15,
626 4897 719 4943 causa
741 4885 789 4960 ll,
807 4891 922 4963 quaest.
973 4868 1237 4936 deltlffliufllflde
1250 4865 1323 4941 fides
1334 4881 1429 4945 quam
1441 4863 1475 4927 5¹¹
1486 4861 1612 4944 iiidi⁰i⁰
1629 4859 1759 4941 l’i0f0lis

134 4982 166 5056 1,
189 4981 265 5045 ibis
302 4983 358 5044 l'es
388 4999 408 5042 s
436 4984 558 5045 nemisse
582 4981 755 5064 dijudicari
779 4988 930 5065 potestis,
974 4987 1071 5054 quam
1087 4966 1307 5048 Q⁰⁰i¹¹miibei
1330 4963 1512 5042 διψῑθῦῑΰΠΙ
1532 4962 1566 5024 ῙΠ
1587 4961 1761 5042 Silil‘mii’

56 5093 60 5098 ·
132 5083 210 5164 quic
245 5081 345 5145 solius
380 5083 437 5146 llei
459 5083 585 5167 judicio
621 5083 848 5154 resunnmiui:
877 5083 924 5150 dit
974 5071 1237 5154 opinioui3itcm
1249 5083 1412 5132 sacrorum
1423 5065 1688 5132 conciliornmde
1699 5063 1761 5126 ilde

135 5185 230 5248 estam
243 5185 347 5248 eaects·
359 5185 446 5260 estis,
461 5193 491 5247 et
512 5183 633 5249 idcirce
647 5203 713 5246 nou
734 5166 923 5266 potestisne
975 5184 1007 5240 ct
1027 5175 1101 5256 jure
1125 5173 1250 5246 divino,
1273 5179 1349 5246 cte,
1368 5167 1539 5232 sententiaa
1557 5163 1763 5244 preferenda

134 5283 476 5368 bmmsilusjedienri.
499 5288 673 5350 mnrsordat
697 5285 776 5348 nsi
790 5287 926 5367 impera·
976 5283 1053 5341 sunt
1088 5271 1235 5338 omnium
1265 5271 1432 5333 doctorum
1460 5263 1651 5338 sententiis,
1684 5261 1763 5341 quia

137 5398 190 5450 ter
204 5389 254 5463 11,
270 5387 346 5450 dist.
365 5387 416 5462 tto,
432 5386 500 5450 ibi:
517 5387 621 5452 Nunc
638 5385 756 5466 legibus
775 5385 923 5466 publicis,
977 5395 1056 5461 papa
1073 5383 1105 5442 et
1120 5373 1257 5440 concilia
1280 5369 1509 5434 infallibilitate
1524 5375 1556 5430 et
1577 5361 1763 5428 assistentia

134 5505 203 5550 ιιοιι
217 5507 238 5548 n
250 5487 459 5569 potestatibus
475 5484 593 5556 saculi.
609 5485 664 5548 sed
679 5485 882 5567 pontificibus
897 5495 928 5549 et
976 5481 1114 5560 Spiritus
1133 5475 1232 5538 sancti
1259 5471 1410 5552 gaudent.
1432 5471 1585 5532 praterea
1611 5466 1764 5529 constitu·
1814 5484 1817 5490 ’

137 5587 352 5652 sacerdotibus
366 5589 561 5668 omnipotens
581 5589 662 5650 lleus
677 5587 862 5652 Christianae
872 5604 924 5647 re·
977 5582 1082 5645 tiones
1109 5578 1311 5640 decretorum
1338 5569 1558 5652 singularibus
1582 5573 1659 5631 sunt
1688 5567 1761 5646 opi·

140 5689 269 5770 ligionis
282 5691 412 5754 elericos
432 5699 462 5753 et
475 5691 650 5754 secerdotes
661 5691 763 5752 coluit
782 5689 927 5751 ordinari
977 5679 1131 5746 trionibus
1144 5673 1358 5760 praeferende.
1384 5671 1442 5750 (Νι
1467 5669 1629 5746 inniteris,
1652 5665 1703 5732 tit.
1727 5681 1763 5740 u,

139 5795 171 5850 st
195 5787 336 5860 discuti:
364 5788 425 5853 boc
448 5795 496 5853 est
507 5789 660 5871 judicari.
683 5787 744 5853 Ubi
774 5800 848 5852 nota
870 5787 927 5851 illa
979 5783 1023 5847 lle
1052 5789 1167 5854 coust,
1196 5777 1279 5839 libr
1310 5771 1477 5851 venustula
1504 5777 1535 5837 et
1559 5768 1619 5835 boc
1641 5771 1766 5832 centurn

141 5889 249 5971 sorba,
263 5893 458 5973 cnruipoteess
477 5891 559 5953 lieres
577 5889 685 5968 celarit,
704 5899 735 5955 et
759 5889 827 5965 illa,
841 5888 927 5953 ordi·
980 5883 1123 5978 estapud
1139 5881 1276 5958 omnes.)
1760 5885 1764 5894 ·
