4042 6458
278 389 339 470 “aaa
792 383 905 447 runis
922 335 1100 444 ciramea
1118 373 1383 439 murenarum
1857 359 1914 424 ιιι

1128 492 1231 570 phetas
1255 498 1393 570 tempus.
1408 483 1598 551 Tuncenim
1620 489 1774 561 temporis
1804 495 1915 560 popu·
2012 559 2013 562 Ἴ

1128 589 1176 654 los
1191 588 1289 653 lsrael
1314 586 1486 668 postularit
1506 599 1614 666 regem
1629 582 1808 646 humanum
1828 579 1916 642 sicut
2012 589 2013 592 ’

282 526 409 589 statam,
430 525 502 576 oum
525 507 685 586 alllreges
701 499 833 566 humani
855 512 919 561 noa
933 496 1069 559 babeant

286 623 471 700 potestatem
485 609 549 673 uisi
560 608 600 670 ab
615 606 697 686 ipso.
712 601 773 665 Sed
791 598 870 661 banc
882 599 1069 678 potestatem

284 715 430 799 possidet
446 727 509 776 non
528 717 650 772 tantum
665 712 700 767 ut
715 700 880 776 licus,sed
893 696 987 760 etiam
1002 700 1071 756 tan-

284 831 380 898 qaam
402 814 498 876 bomo
522 815 554 872 ct
577 812 670 888 caput
684 801 852 877 Ecclesiae,
872 803 907 863 ut
923 799 1006 876 patet
1030 803 1070 856 ex

284 916 390 978 allatis
412 911 567 976 textibus.

441 1135 448 1148 .
525 1090 680 1144 eaoeosrrto
699 1099 826 1142 mauron

311 1249 445 1318 'Christus
457 1271 507 1329 per
525 1254 697 1328 prophetiam
719 1260 748 1308 et
769 1249 884 1322 liguram
899 1247 952 1304 sibi
965 1259 1072 1320 praepes

276 1353 355 1412 'ravit
367 1347 520 1424 specialem
534 1344 642 1419 'regiam
658 1343 835 1414 temporalem
854 1351 882 1398 et
895 1339 1003 1396 'ciuilem
1016 1355 1073 1410 po·-

275 1453 410 1502 'testatem
424 1439 603 1497 exercendam
618 1453 634 1492 a
647 1436 795 1506 semetipso
808 1434 836 1489 in
853 1449 938 1506 regno
954 1447 1004 1488 suo
1019 1439 1074 1487 ter·

276 1537 377 1604 uestri,
389 1533 463 1607 quod
476 1541 519 1588 est
529 1529 660 1586 Ecclesia.
674 1527 724 1600 (lte
735 1528 796 1598 fide,
814 1543 847 1582 ea
862 1522 921 1581 Ser.
938 1522 1028 1592 saer.)
1053 1591 1057 1602 ι

318 1675 519 1758 Ῥιοιιιῑιιιι
539 1694 623 1752 Deus
659 1685 777 1750 creavit
800 1687 901 1748 Adam
927 1702 961 1746 ra
987 1686 1072 1747 st'atu

286 1795 496 1867 innocentie,
511 1797 542 1854 et
557 1789 591 1852 in
607 1805 646 1852 eo
660 1788 841 1867 primaevam
855 1783 1002 1847 fundavit
1017 1797 1071 1846 ec·

286 1894 429 1968 alesiam,
456 1889 509 1954 cui
540 1888 629 1952 dedit
657 1886 757 1973 totius
777 1884 864 1947 orbis
877 1883 1072 1946 dominium.

288 1995 481 2062 Cainitarum
494 1998 525 2054 et
535 1987 719 2067 Gigantium
742 1991 977 2064 praepotentum
990 1984 1074 2044 Ada-

288 2096 405 2162 mitieae
446 2089 597 2154 Ecclesiae
636 2083 836 2150 auctoritatis
873 2091 905 2146 et
936 2081 1074 2146 dominii

290 2201 516 2276 usurpatorum
533 2187 744 2252 rebellionem
765 2201 821 2264 per
836 2181 1000 2248 diluvium
1015 2181 1074 2244 de·

286 2297 377 2360 levit.
392 2293 464 2356 Sole
480 2287 632 2362 Ecclesia,
650 2293 728 2348 tuno
743 2283 900 2362 temporis
914 2282 949 2344 in
961 2283 1029 2344 Noe
1044 2288 1075 2343 et

282 2396 358 2477 ‘ejus
373 2393 449 2458 liliis
465 2394 697 2469 repraesentata,
710 2389 834 2447 sertata
861 2380 923 2444 tuit
938 2379 971 2443 in
984 2394 1074 2453 aroa;

288 2501 404 2576 etpost
422 2491 592 2571 ,diluvium
612 2486 689 2548 buie
700 2483 853 2547 Ecclesiae
870 2485 956 2544 Deus
972 2481 1072 2544 totius

288 2596 377 2661 orbis
391 2590 571 2658 dominium
590 2589 708 2650 iterum
728 2583 873 2648 donavit.
889 2584 978 2646 Unde
997 2578 1077 2660 legi·-

289 2697 367 2760 tima
390 2689 539 2756 concludi
559 2693 661 2767 potest
674 2701 788 2747 omnes
806 2683 955 2746 homines
971 2698 1029 2761 per
1043 2687 1076 2743 et

291 2800 421 2876 prepter
437 2786 625 2857 Ecclesiam,
639 2781 679 2846 ad
694 2798 790 2862 quem
812 2780 915 2844 vocati
932 2787 963 2841 et
979 2777 1077 2841 creati

291 2899 384 2965 aunt,
424 2888 540 2951 babere
579 2893 670 2947 terrae
708 2878 960 2959 possessionem.
997 2879 1077 2941 Cum

290 3000 402 3074 postea
425 2987 558 3052 familis
590 2984 776 3046 hemanea
807 2983 874 3042 Deo
896 2986 1085 3058 apostatare

291 3087 497 3170 irrumperint,
528 3087 615 3147 Deus
649 3079 711 3143 sibi
737 3080 835 3160 elegit
868 3077 1024 3158 populum
1044 3077 1078 3141 in

292 3190 462 3262 Abrabam,
495 3184 655 3266 quiesset
679 3179 820 3261 populus
835 3177 905 3258 ejus
929 3175 1078 3256 specialis

292 3298 324 3356 et
351 3287 529 3371 possideret
564 3291 708 3346 centrum
737 3279 889 3343 Ecclesia
915 3276 1079 3342 oatbolieae

293 3405 397 3470 usquc
416 3385 457 3449 ad
476 3381 594 3448 Christi
610 3381 793 3443 adventum.

330 3489 371 3550 ll.
395 3481 530 3560 Quando
560 3497 616 3559 per
640 3479 775 3555 Moysen
799 3470 957 3554 populum
981 3468 1078 3534 lsrael

291 3588 328 3652 in
350 3583 511 3649 nationem
532 3575 699 3642 constituit
717 3573 892 3648 Dominus,
911 3569 1081 3651 proposuit

295 3685 418 3768 populo
457 3689 583 3762 pactum
605 3686 636 3740 et
656 3674 759 3738 loedus
779 3687 894 3746 suum,
919 3685 985 3748 quo
1008 3668 1079 3749 ipse

291 3786 447 3852 Dominus
466 3787 552 3846 esset
573 3782 638 3842 ilex
661 3776 756 3840 etiam
781 3769 964 3852 temporalis
983 3776 1015 3831 et
1030 3769 1079 3831 te·

293 3887 425 3969 gisiator
443 3880 566 3956 civilis,
589 3879 657 3940 dux
679 3890 862 3946 armorum,
879 3871 981 3951 judex
1007 3885 1079 3932 om·

293 3987 382 4052 nium
397 4005 406 4060 ι
422 3993 453 4047 et
472 3978 612 4062 populus
635 3985 761 4056 pactum
776 3983 806 4035 at
821 3969 925 4034 faedus
941 3976 1083 4046 accepta·

292 4087 354 4160 titr
374 4085 435 4146 boo
457 4089 583 4162 pactum
602 4076 687 4137 inter
707 4075 811 4134 Deum
831 4088 938 4146 regem
955 4080 1079 4155 tempu·

289 4185 394 4250 telem
411 4188 442 4243 et
454 4175 611 4260 populum
625 4189 719 4236 suum
731 4171 777 4232 siu
787 4168 922 4230 habetur
933 4167 967 4227 in
979 4165 1081 4228 Exodi

287 4303 365 4366 cap.
385 4299 453 4356 xix,
470 4280 489 4342 5
504 4286 616 4355 etseq.
632 4294 640 4335 ι
655 4272 690 4334 sa·
707 4287 778 4350 erpo
798 4267 964 4328 audieritis
979 4279 1082 4326 uocem

289 4401 403 4458 meum,
422 4389 451 4444 et
472 4371 686 4440 custodieritis
711 4376 840 4449 purtem
854 4382 964 4439 meum,
993 4362 1082 4430 eritis

291 4481 371 4546 milti
389 4481 423 4543 io
435 4476 595 4560 peculium
606 4471 642 4534 de
655 4469 777 4534 cunctis
789 4465 919 4548 populis
935 4486 945 4525 :
959 4482 1026 4525 meo
1037 4470 1083 4524 eet

292 4583 377 4649 seim
398 4578 497 4644 omnia
512 4585 609 4638 terro.
624 4573 666 4636 Et
683 4590 738 4634 uos
758 4570 847 4632 eritis
862 4567 938 4630 milti
966 4567 1000 4628 iu
1027 4581 1082 4625 re-

294 4699 392 4766 prtum
409 4676 612 4749 sacerdotale,
635 4681 749 4752 etpena
772 4679 893 4731 sanctu.
917 4668 992 4729 Haec
1009 4673 1083 4727 suut

295 4781 390 4845 aerbo
417 4796 483 4861 quae
511 4774 647 4856 loqueris
673 4769 714 4834 ad
743 4769 825 4844 tilios
851 4768 962 4830 lsrael.
995 4769 1084 4832 Vertit

297 4883 422 4960 Moyseo
434 4898 444 4940 .·
459 4887 487 4938 et
499 4872 675 4938 conuocatis
687 4867 858 4952 majoribus
871 4877 949 4929 autu
956 4866 1081 4948 populi,

299 4980 446 5061 exposuit
474 4993 577 5038 omnes
601 4988 755 5034 sermones
780 4987 856 5050 quoe
884 4968 1085 5030 mandauerat

278 5147 281 5153 ,
297 5080 462 5143 Dominus.
473 5070 812 5155 Responditutteomnr‘a
822 5069 959 5148 populus
970 5067 1064 5130 simul
1073 5087 1084 5128 .·

298 5183 419 5246 Cuncta
437 5195 504 5258 quoe
529 5175 650 5236 locutus
675 5179 721 5234 est
749 5171 901 5233 Dominus
923 5169 1083 5251 sociemus.

297 5281 359 5344 ilic
375 5281 459 5342 licus
482 5271 650 5342 constituit
673 5287 807 5351 regnum
825 5267 1033 5342 sacerdotale,
1054 5276 1085 5332 et

299 5383 380 5446 duas
397 5383 582 5458 potestates,
604 5371 724 5454 regiam
748 5369 869 5432 seilicet
887 5376 918 5431 at
935 5369 1085 5432 sacerdo·

277 5467 282 5480 ’
299 5481 407 5556 taleam
418 5477 627 5558 temporalem
640 5481 670 5536 et
684 5470 885 5552 spiritualem
898 5470 934 5532 in
952 5488 1016 5532 uno
1031 5487 1087 5532 su·

300 5595 410 5664 premo
427 5578 585 5662 principe,
600 5573 659 5655 qui
674 5580 722 5634 est
735 5571 806 5652 ipsa
821 5573 920 5645 ueos,
938 5569 1084 5644 collocat,

301 5697 419 5763 amque
446 5684 573 5744 exercet
601 5691 658 5754 per
685 5688 763 5734 suos
785 5671 921 5735 vicarios
942 5687 1085 5736 summos

301 5781 481 5848 sacerdotes
497 5786 528 5844 et
537 5775 667 5860 jndices
679 5789 782 5856 usque
793 5774 832 5840 ad
843 5775 1003 5844 Samuelis
1015 5792 1087 5856 pro·

1125 689 1283 754 habebant
1302 689 1373 752 alie
1394 697 1518 769 gentes.

1163 793 1228 856 lll.
1244 793 1311 854 lieo
1337 793 1540 870 permittente
1560 803 1616 849 rex
1635 783 1768 864 eligitur
1789 779 1866 844 Saul
1885 789 1917 843 et
2012 839 2013 868 ¹

1126 899 1235 973 postea
1245 885 1559 970 rejicitur,etllarid
1584 877 1920 946 vocaturuisitradia

1125 1000 1159 1056 et
1193 999 1282 1071 pater
1316 988 1460 1052 omnium
1499 1003 1608 1065 regum
1648 983 1759 1062 populi
1795 980 1918 1043 sancti.

1126 1089 1240 1154 Doridi
1264 1089 1401 1168 ejusque
1430 1083 1608 1164 posteritati
1634 1079 1834 1162 promittitur
1857 1095 1919 1157 po·

1125 1197 1222 1253 testas
1244 1188 1388 1269 regiain
1412 1195 1584 1254 aeternum,
1614 1184 1690 1264 quia
1714 1165 1755 1243 ex
1784 1178 1922 1242 Devidis

1126 1289 1225 1370 stirpe
1255 1297 1404 1352 nascetur
1423 1287 1586 1357 Christus,
1603 1283 1656 1346 cui
1680 1298 1816 1360 regnum
1842 1297 1921 1343 sau·

1127 1393 1319 1472 ctum‚quod
1331 1398 1379 1454 est
1391 1387 1542 1460 Ecclesia,
1556 1385 1691 1466 pertinet
1703 1401 1743 1446 ex
1765 1381 1920 1446 vaticinio

1125 1494 1223 1557 lacub
1239 1492 1403 1556 morientis
1420 1489 1527 1570 (Gen.
1552 1504 1638 1561 xurx,
1659 1484 1738 1565 10),
1756 1493 1786 1546 ct
1807 1482 1922 1545 multis

1127 1593 1200 1657 aliis
1217 1593 1444 1673 prophetarum
1461 1589 1618 1650 textibus.

1168 1693 1212 1754 lv
1224 1737 1231 1754 .
1245 1691 1299 1752 Eat
1312 1689 1503 1768 anapelio.
1520 1720 1559 1733 -··
1582 1688 1617 1748 ln
1634 1683 1810 1762 Evangelio
1828 1681 1922 1744 Chri·

1127 1799 1196 1857 stus
1207 1800 1254 1856 est
1263 1782 1300 1854 'et
1317 1800 1444 1853 vocatur
1459 1788 1544 1850 lilius
1559 1785 1655 1847 liavid
1673 1783 1768 1862 regis.
1786 1782 1922 1862 (alatri.

1128 1909 1140 1952 1
1156 1934 1164 1966 ,
1181 1893 1218 1966 l,
1232 1892 1267 1952 6.
1282 1891 1292 1970 )
1315 1891 1353 1950 Et
1373 1895 1522 1966 tarrqiram
1538 1899 1633 1945 verus
1652 1881 1750 1943 David
1767 1879 1855 1942 lilius
1871 1880 1923 1940 lra-

1130 1992 1226 2054 betur
1260 1988 1346 2066 apud
1388 1985 1526 2065 plebem.
1544 1980 1686 2061 (baira.
1706 1969 1756 2044 ‘xv
1777 2027 1785 2054 ,
1805 1980 1867 2054 22,
1894 1985 1924 2040 ct

1131 2087 1249 2164 alibi.)
1270 2088 1363 2147 tosus
1379 2083 1525 2146 Christus
1547 2082 1757 2157 semetipsum
1783 2088 1874 2140 rooet
1893 2091 1923 2138 et

1131 2185 1268 2248 declarat
1285 2181 1386 2244 lilium
1414 2178 1532 2252 David,
1559 2177 1622 2238 sibi
1643 2175 1809 2256 applicans
1830 2173 1923 2251 psal-

1131 2302 1218 2347 mum
1245 2299 1314 2356 cxx,
1338 2281 1421 2358 apud
1448 2277 1563 2341 llattb.
1593 2293 1675 2349 xxxx,
1704 2275 1740 2337 bl
1764 2283 1795 2337 et
1818 2291 1922 2352 seq.:

1132 2381 1342 2462 Conprepotie
1368 2389 1469 2441 aretem
1503 2378 1688 2450 Pbcrieoea's,
1710 2377 1926 2454 interruperit

1133 2505 1185 2546 eoa
1213 2486 1325 2557 Jesua,
1356 2481 1480 2544 diceas:
1505 2479 1591 2556 Quid
1615 2478 1703 2540 uobis
1724 2477 1850 2540 uidetur
1888 2477 1923 2537 de

1132 2583 1280 2647 Christo?
1304 2581 1402 2660 Cujus
1426 2577 1510 2658 filius
1539 2579 1610 2638 eat?
1629 2577 1744 2638 Dicunt
1761 2573 1922 2652 cirliouid.

1130 2684 1185 2746 Ait
1217 2682 1302 2745 tttts:
1335 2680 1495 2758 Quomodo
1524 2694 1596 2758 erpo
1618 2675 1720 2738 Dauid
1745 2677 1780 2738 ιἰι
1803 2677 1924 2754 spiritu

1130 2791 1221 2844 uocet
1252 2799 1322 2843 eum
1347 2780 1527 2851 Dominum,
1560 2777 1684 2840 diceas:
1711 2776 1924 2838 Dia-itDomi·

1131 2901 1191 2944 atus
1209 2882 1340 2943 Domino
1355 2899 1439 2941 meo:
1450 2878 1527 2942 Sede
1547 2877 1700 2940 adextris
1713 2879 1809 2948 meis,
1825 2875 1923 2935 donee

1128 2985 1402 3067 poaemtaimicos
1430 2993 1500 3044 tuoe
1527 2978 1693 3044 scabellum
1718 2975 1834 3057 pedum
1854 2984 1925 3034 tuo·

1132 3104 1223 3150 rum«.
1248 3086 1284 3147 Si
1313 3102 1387 3165 erpo
1421 3080 1525 3144 Duoid
1549 3088 1640 3142 vocet
1663 3093 1732 3138 eum
1755 3073 1924 3136 Dominum

1133 3183 1286 3267 qraomodo
1322 3183 1408 3264 tilius
1446 3184 1512 3264 ejus
1546 3181 1612 3242 eat?
1647 3175 1774 3253 Quibus
1812 3169 1922 3234 rerbia

1134 3285 1279 3348 Christus
1306 3283 1444 3345 declarat
1471 3277 1631 3342 Christum
1657 3291 1729 3338 esse
1750 3273 1924 3336 Dominum

1133 3380 1274 3454 Davidis,
1293 3386 1324 3441 et
1348 3378 1453 3457 ipsum
1483 3354 1591 3437 Darid'
1606 3373 1708 3435 luisse
1736 3370 1875 3434 electum
1892 3387 1924 3428 ιιι

1134 3495 1243 3560 regem
1276 3485 1405 3558 propter
1434 3475 1596 3538 Christum
1623 3473 1680 3553 qni
1713 3470 1754 3533 ab
1788 3470 1861 3548 ipso
1889 3477 1923 3528 ut

1134 3581 1230 3644 homo
1257 3584 1459 3642 nasceretur.
1488 3574 1660 3654 apostotus
1696 3571 1734 3632 ad
1766 3567 1871 3632 ilcbr.
1905 3583 1924 3626 r

1135 3693 1167 3745 ct
1195 3697 1239 3741 vn
1267 3681 1418 3743 eumdem
1440 3675 1596 3755 psalmum
1620 3690 1673 3734 crx
1693 3670 1922 3750 interpretatur

1135 3783 1174 3846 de
1199 3781 1325 3845 Cbristu
1352 3778 1402 3839 bis
1428 3776 1550 3849 verbis,
1573 3792 1613 3848 r,
1632 3773 1669 3834 5:
1697 3769 1844 3833 Christus
1859 3783 1921 3828 aaa

1134 3883 1332 3962 semetipsum
1358 3877 1544 3956 clarificavit
1572 3883 1609 3935 ut
1634 3872 1786 3952 pontifex
1818 3869 1921 3946 fieret,

1136 3983 1190 4045 sed
1217 3983 1272 4061 qui
1292 3981 1416 4043 locutus
1433 3987 1478 4039 eat
1497 3977 1538 4038 ud
1553 3973 1759 4046 eumrFilius
1788 3985 1922 4030 meuses

1136 4096 1188 4160 tu,
1221 4101 1275 4163 epo
1302 4081 1392 4145 bodie
1430 4081 1524 4159 penui
1556 4074 1681 4153 te.(Ea
1704 4067 1799 4133 Paul.
1828 4083 1924 4128 usu-

1137 4201 1192 4263 pra
1227 4180 1364 4261 eitutu.)
1409 4175 1670 4254 Quemadmodum
1717 4180 1746 4231 et
1790 4171 1826 4231 ιἰι
1861 4164 1923 4226 alio

1137 4280 1205 4344 loeo
1241 4278 1333 4342 dicit:
1370 4277 1420 4338 Tu
1455 4292 1485 4334 ee
1532 4270 1675 4334 sacerdos
1709 4270 1744 4332 ιἰι
1778 4276 1924 4328 oeteramn

1138 4380 1308 4446 secundum
1323 4375 1467 4439 ordinem
1489 4370 1734 4435 Melchisedech.
1756 4369 1793 4429 Et
1818 4383 1853 4429 o.
1867 4379 1921 4432 ιιι,

1139 4487 1156 4546 1
1186 4489 1219 4544 et
1248 4495 1341 4560 serpe
1377 4476 1440 4539 Hie
1468 4474 1550 4534 euim
1587 4466 1833 4537 Melchisedech,
1866 4481 1923 4524 rex

1137 4579 1256 4654 Salem,
1281 4575 1421 4638 sacerdos
1450 4573 1506 4634 Det'
1537 4571 1668 4643 summi,
1698 4570 1753 4648 qui
1788 4566 1921 4628 obviarit

1137 4673 1533 4755 Abruboerepreesooeede
1541 4685 1660 4749 rapum,
1672 4674 1701 4728 et
1713 4662 1875 4728 benedixit
1885 4664 1923 4726 ei.

1139 4781 1200 4844 Cati
1231 4788 1260 4842 et
1288 4777 1422 4839 decimae
1449 4773 1585 4836 omnium
1614 4769 1723 4832 divisit
1756 4765 1924 4828 aeratae:

1138 4881 1275 4961 prienam
1322 4876 1445 4958 quidem
1494 4874 1549 4952 qui
1591 4873 1825 4948 interpretatur
1862 4865 1926 4926 liae

1135 4980 1297 5065 justitiae:
1330 4975 1441 5040 deiude
1483 4983 1587 5034 eutem
1634 4980 1663 5031 et
1697 4985 1759 5029 ree
1802 4965 1924 5036 Solem,

1139 5067 1222 5164 puod
1245 5089 1309 5155 est,
1337 5095 1397 5140 rear
1410 5076 1523 5156 pacis.
1552 5073 1591 5134 Et
1620 5071 1656 5132 in
1682 5068 1796 5132 eodem
1822 5064 1923 5143 capite

1140 5167 1925 5262 probatlpostoiussacerdotiumberonistrans·

1140 5283 1238 5346 latum
1250 5295 1332 5354 esse,
1344 5285 1375 5340 et
1386 5275 1545 5339 Christum
1558 5287 1621 5333 uon
1635 5270 1674 5332 de
1684 5267 1784 5342 stirpe
1794 5261 1927 5327 baronis

1141 5381 1197 5444 sed
1213 5380 1344 5442 exluda
1362 5382 1466 5438 ortum
1487 5371 1627 5435 esselis
1644 5369 1695 5429 bis
1713 5364 1856 5428 textibus
1871 5377 1929 5424 ma·

1142 5479 1352 5544 nilestumest
1370 5472 1529 5538 Christum
1543 5481 1693 5549 tanquam
1706 5467 1808 5528 Elium
1830 5460 1927 5525 David

1141 5599 1181 5646 ex
1195 5579 1278 5642 Juda
1294 5583 1400 5639 ortum
1424 5571 1611 5636 haereditare
1625 5577 1789 5646 sceptrum
1805 5563 1925 5643 regium

1141 5696 1240 5754 super
1255 5674 1370 5750 Israel,
1392 5673 1513 5753 quiesi
1530 5685 1604 5731 vera
1635 5665 1795 5744 Ecclesia,
1814 5673 1846 5728 et
1860 5672 1924 5724 tan·
2012 5739 2013 5742 Ἴ

1141 5799 1238 5854 uuam
1263 5775 1460 5843 sacerdotem
1478 5769 1662 5854 secuudum
1679 5765 1829 5832 ordinere
1848 5761 1923 5828 liat·
