4042 6458
249 393 299 460 tot
664 361 668 370 ’
753 398 865 459 turus
884 401 1063 461 autumer
1082 361 1345 462 corrrauorolr.
1452 441 1453 446 ι
1836 393 1892 457 ιιι

197 568 202 580 ,
248 507 414 587 permissis
436 507 614 587 imponunt.
634 507 724 570 Unde
749 506 801 571 bic
821 510 914 589 jrrrat
937 513 1042 574 addo·
1101 517 1299 591 permanent.
1321 511 1464 591 ideoque
1490 509 1528 572 ad
1548 509 1737 590 hujusmodi
1763 509 1904 586 proriu·'

250 622 323 667 cera
349 605 387 667 ιιι
414 604 569 681 litteram,
590 623 663 686 quae
690 605 784 670 habel
813 610 1044 689 lteilienstuel,
1098 609 1894 692 eiamsicutadurbisautoppidicommunitatem
2002 614 2003 664 t

252 705 307 765 tib.
326 723 361 767 ιιι
386 706 557 780 οοινιιιι.,
588 706 636 770 ιιι.
664 726 779 778 ιιιιιιι,
798 727 888 776 nuru.
911 711 961 789 ιι,
979 713 1044 778 iota
1098 719 1220 792 spectat
1240 711 1302 774 sub
1317 711 1398 791 legis
1414 711 1574 792 gesseratis
1591 709 1729 789 imperio
1745 711 1894 788 regulare

251 805 421 887 «colliges
440 807 601 887 principes
630 825 694 871 nou
714 819 835 874 tantum
856 814 1045 894 gravissime
1097 820 1130 875 et
1152 811 1379 875 administrare
1398 827 1456 872 sua
1483 809 1611 889 propria
1637 815 1668 870 et
1690 805 1895 885 pedicularia

250 923 395 986 peccare,
411 910 466 971 sed
485 907 580 971 etiam
593 908 665 989 ipso
682 912 763 972 lacto
779 914 1044 978 excommunica·
1098 912 1257 975 interesse
1275 927 1332 989 per
1348 908 1511 988 delegatos
1531 905 1802 970 communitatum
1822 921 1894 965 ruu-

250 1005 333 1070 tioui
349 1007 529 1088 subjacere,
545 1025 581 1072 ac
597 1011 735 1089 insuper
749 1012 787 1074 ad
805 1015 1044 1078 restitutionem
1098 1011 1286 1092 nicipaliurn
1313 1010 1373 1091 qui
1395 1011 1459 1072 sint
1487 1025 1559 1071 rera
1591 1005 1895 1087 responsabilisqua

251 1107 356 1170 teucri
373 1129 382 1169 ε
400 1110 428 1170 1.
443 1109 580 1184 Quoties
596 1107 776 1189 sineiusta
801 1129 896 1176 causa
919 1114 1046 1191 publiea
1093 1115 1219 1195 jurium
1236 1129 1461 1194 personarum,
1488 1109 1685 1174 familiarum
1702 1118 1734 1170 et
1751 1105 1898 1184 proprie·

251 1227 333 1274 nora
349 1211 480 1286 tributa,
499 1210 680 1290 vectigalia,
707 1213 870 1290 gotrellas,
894 1217 942 1278 rel
965 1216 1045 1279 alias
1098 1214 1170 1278 tatis
1187 1213 1443 1294 repraesentatio.
1471 1214 1506 1275 lu
1535 1210 1591 1273 tali
1615 1207 1896 1272 administratione
2003 1285 2004 1298 ἵ

251 1312 449 1386 ιιιιιῑοιιι,
481 1311 755 1392 qualitercunque
782 1331 836 1378 eas
862 1316 1043 1397 baptizent,
1097 1313 1294 1386 intervenire
1320 1319 1422 1375 status
1448 1309 1563 1392 nequit
1580 1308 1645 1372 uisi
1670 1307 1900 1370 tuerrdotrana
2003 1307 2004 1322 ²

250 1411 423 1494 imponunt
448 1411 601 1476 subditis.
626 1447 665 1460 -
684 1414 715 1477 ι.
738 1413 768 1475 Si
792 1416 863 1492 plus
889 1415 1044 1496 exigunt,
1097 1414 1291 1495 quillitatem
1315 1423 1346 1475 et
1363 1411 1522 1493 iustitiam
1545 1407 1722 1491 adjurium
1744 1423 1896 1472 reveren·

251 1531 349 1596 quam
365 1531 459 1578 causa
473 1514 544 1594 ipsa
559 1514 707 1595 requirit.
719 1550 756 1560 -
767 1516 796 1578 3.
810 1517 842 1579 Si
855 1535 948 1580 causa
957 1518 1047 1598 jtrata
1098 1515 1173 1590 liant
1191 1514 1350 1592 omniunt.

251 1623 398 1679 cessante
415 1615 622 1688 continuant,
642 1617 705 1678 uisi
734 1634 815 1679 nora
837 1627 989 1698 emergat.
1007 1653 1046 1666 --
1136 1616 1308 1680 Sclrolium.
1319 1615 1365 1680 Ex
1373 1613 1651 1696 jurehmreditatis
1662 1614 1731 1676 sire
1745 1611 1895 1694 proprie-

250 1715 282 1778 ι.
300 1717 331 1779 Si
349 1717 481 1796 antiqua
499 1717 629 1791 tributa,
648 1724 702 1780 aut
722 1720 889 1797 vectigalia
912 1727 1043 1801 augent,
1098 1715 1898 1791 latis,sirevirtutumdomeslicarunr,exnaturali

251 1816 374 1896 absque
386 1817 473 1897 justa
489 1833 595 1881 causa.
614 1851 650 1862 -
666 1819 696 1888 5.
718 1817 750 1881 Si
770 1820 914 1899 antiqua,
940 1827 971 1882 et
985 1839 1044 1884 er·
1097 1818 1416 1883 sirecomuaunitatis
1426 1819 1495 1882 sire
1506 1818 1791 1898 provincialibera
1809 1835 1899 1882 asso.
2004 1888 2005 1911 χ

252 1920 466 1984 traordinaria
490 1920 620 1994 tributa,
650 1929 705 1984 aut
736 1922 903 2001 vectigalia
930 1941 986 2002 per
1010 1939 1045 1986 se
1097 1920 1237 1984 clatione
1253 1919 1563 1984 nascunturdiversi
1579 1921 1710 1982 ordines
1728 1919 1897 1982 aristocra-

251 2019 314 2100 iam
330 2029 439 2084 essent
453 2021 646 2094 sufficientia
661 2023 701 2085 ad
717 2041 859 2099 eausam,
873 2025 920 2088 rel
936 2043 1047 2088 neces·
1097 2023 1239 2098 limaisa
1253 2021 1441 2094 nobilitatis,
1454 2019 1575 2102 quibus
1588 2020 1726 2082 maxime
1742 2020 1898 2098 competit
2004 2001 2005 2038 ³

252 2119 377 2181 sitalem
393 2128 581 2199 praesentem
594 2121 924 2234 tollendamxpercant
937 2122 1043 2187 etiam.
1093 2121 1179 2202 justa
1193 2122 1333 2186 nationis
1349 2123 1423 2203 jura
1438 2121 1624 2193 defendere,
1642 2129 1672 2185 et
1691 2121 1900 2202 principibus¹

251 2255 289 2273 -··
304 2221 333 2284 6.
352 2221 386 2283 Si
411 2222 522 2284 nimiis
543 2230 575 2287 et
594 2222 771 2285 excessivis
790 2222 889 2292 luxu,
912 2238 1046 2302 pompa,
1097 2223 1130 2284 iu
1144 2239 1251 2286 rerum
1270 2223 1470 2304 publicarum
1488 2221 1652 2300 regimina
1668 2221 1837 2285 auxiliari.

250 2323 341 2398 insu,
369 2324 551 2399 convitiis,
569 2323 819 2399 donationibus,
838 2325 1047 2388 recreationi·
1137 2322 1255 2386 Octavo
1267 2321 1430 2404 obllqota'o.
1446 2355 1482 2368 -
1496 2320 1662 2384 Exercitus
1678 2337 1737 2384 seu
1755 2319 1900 2382 militurn.

251 2427 329 2502 ιιιι,Ι
365 2425 531 2495 adificiis,
566 2434 641 2498 ιιι,
679 2425 814 2488 omnino
853 2425 1046 2489 exhauriant
1098 2423 1316 2504 congregatio,
1342 2431 1392 2485 est
1411 2423 1451 2486 de
1478 2437 1536 2485 sua
1561 2428 1674 2484 natura
1699 2419 1751 2483 ris
1777 2426 1810 2482 et
1837 2435 1895 2499 po-

250 2525 379 2600 aeraria,
401 2523 566 2587 vel-eliam
583 2524 701 2587 debitis
719 2541 877 2587 eameram
899 2531 1068 2603 gravent„
1098 2523 1197 2587 tentia
1226 2540 1323 2603 quam
1353 2521 1496 2603 populus
1523 2538 1581 2583 seu
1611 2521 1698 2583 natio
1736 2519 1896 2601 gubernio

252 2631 288 2686 nt
305 2624 422 2704 quavis
447 2629 582 2703 urgente
602 2623 793 2684 necessitate
812 2632 967 2700 cogantur
983 2631 1046 2686 sla·
1097 2631 1235 2705 praestat,
1247 2623 1286 2686 ad
1302 2623 1449 2704 ejusdem
1466 2621 1607 2684 nationis
1618 2620 1744 2701 jurium
1763 2627 1795 2682 et
1814 2619 1895 2696 legis
2005 2677 2006 2682 ,

252 2723 310 2786 tim
331 2722 476 2787 iudicare
501 2739 583 2784 nora
615 2722 750 2795 tributa,
783 2723 964 2802 vectigalia,
992 2741 1048 2801 ga·
1097 2724 1296 2788 auctoritatis
1316 2723 1385 2787 site
1410 2721 1448 2784 ad
1472 2722 1558 2784 intra
1576 2721 1645 2784 sira
1666 2720 1704 2783 ad
1728 2725 1819 2783 extra
1842 2719 1898 2781 do·

251 2821 373 2896 bellas,
402 2829 434 2884 et
451 2821 485 2882 id
509 2838 611 2901 genus
641 2821 860 2896 exactionum,
887 2841 959 2884 cunr
984 2821 1046 2886 alia
1096 2823 1280 2888 tensionem
1302 2822 1489 2903 legitimam.
1514 2820 1683 2884 Exercitus
1696 2819 1792 2884 debet
1808 2819 1897 2902 priu-

252 2923 386 3004 antiqua
412 2922 551 2994 tributa,
585 2927 615 2982 el
643 2921 792 2983 aerarium
820 2923 857 2983 nd
888 2921 1047 2986 tollendas
1097 2925 1225 3004 cipibus
1249 2923 1481 3000 obedientiam.
1506 2920 1712 2998 Mani-testum
1742 2938 1823 2984 rero
1849 2927 1897 2992 est

251 3023 378 3092 similes
395 3022 616 3097 necessitates,
634 3021 682 3084 vel
705 3021 1047 3088 omninosussicientia
1097 3027 1185 3106 quod
1213 3025 1409 3104 gubernium
1439 3029 1549 3087 contm
1580 3021 1725 3102 legitima
1753 3021 1897 3086 nationis
2006 3033 2007 3056 ι

251 3125 404 3198 luissent,
423 3124 472 3188 rel
490 3130 577 3187 certe
594 3139 668 3187 curu
689 3141 804 3202 magno
823 3124 1046 3188 sublevamine
1095 3126 1168 3208 jura
1191 3126 1338 3208 ejusdcm
1367 3125 1492 3189 viribus
1515 3123 1568 3188 uti
1590 3139 1756 3202 nunquam
1780 3131 1894 3201 potest

252 3243 432 3308 pauperum
456 3225 595 3314 multum
620 3225 827 3289 contribuere
851 3225 1045 3304 potuissent.
1098 3230 1149 3293 Sic
1181 3229 1268 3292 enim
1300 3228 1442 3302 nationis
1481 3228 1608 3290 ruinam
1645 3242 1701 3304 per
1730 3226 1895 3288 nationem

251 3330 291 3391 Et
306 3328 340 3391 in
355 3325 415 3390 ιιιι
439 3323 576 3400 habent,
601 3327 689 3407 quod
716 3325 858 3389 multum
881 3324 1047 3390 attendant
1097 3330 1199 3408 ipsam
1224 3336 1406 3394 attentaret.
1439 3329 1537 3409 Atqui
1563 3327 1712 3392 nationes
1736 3343 1801 3390 non
1820 3333 1898 3398 sunt

251 3423 433 3494 consiliarii
450 3431 482 3486 et
498 3423 687 3488 confessarii
705 3423 1046 3503 parapamsades
1098 3449 1192 3495 causa
1209 3437 1414 3509 potestatum,
1439 3434 1495 3493 sed
1516 3436 1655 3494 econtra
1672 3437 1848 3509 potestates
1864 3429 1899 3500 io¹

252 3523 398 3591 ιθιιῐιῦῑῑ
420 3539 527 3598 cenes,
552 3523 601 3587 tel
635 3521 803 3588 fldu¹fl¹¹¹0⁵
827 3521 974 3602 Ρθιῑῑῑθῑι
996 3522 1045 3584 vel
1099 3535 1293 3613 populorum
1321 3532 1463 3596 latorem
1490 3549 1508 3594 ι
1536 3534 1603 3594 Deo
1628 3530 1785 3594 ordinatae
1807 3535 1898 3608 sunt,

251 3623 425 3704 dlsslllllilfl
448 3623 615 3694 timentes,
635 3629 666 3684 θι
683 3639 739 3697 ⁸0,
765 3631 796 3686 θι
823 3621 986 3702 principis
1012 3621 1046 3684 ιιι
1098 3636 1217 3715 Nequit
1242 3633 1436 3714 guberniurn
1455 3649 1545 3694 suam
1570 3632 1602 3694 in
1620 3631 1784 3693 riarmata
1800 3629 1896 3692 stobi·

252 3729 411 3790 ffl¹0f¹¹¹¹m
436 3720 585 3802 lleidflssb
609 3720 774 3800 simulque
803 3721 940 3785 miseros
970 3720 1048 3782 sub·
1099 3734 1219 3798 litatem
1239 3749 1371 3814 ponere,
1395 3733 1457 3795 nisi
1476 3749 1567 3794 suam
1591 3731 1750 3811 propriam
1771 3730 1897 3793 destru·
2007 3731 2008 3790 l

253 3823 338 3896 (fii-⁰⁵
359 3822 523 3904 plurimis,
539 3821 648 3900 iisque
664 3820 816 3900 gravibus
832 3821 1000 3894 Onellbuss
1017 3827 1048 3882 ⁰²
1098 3836 1237 3899 ctionem
1259 3832 1510 3898 ineluctabiliter
1538 3847 1714 3911 praeparare
1750 3830 1841 3904 velit,
1866 3837 1895 3892 et

252 3921 478 3995 exactionibus
504 3929 691 4000 emungant.
720 3921 814 3983 Certo
837 3921 1045 3984 serereseri-
1100 3934 1219 4014 pejoris
1248 3932 1371 4012 speciei
1399 3931 1599 4010 despotismo
1627 3929 1789 4009 originem
1816 3947 1894 4008 pra.
2007 3925 2008 3928 ’

252 4022 337 4086 bunt
363 4021 403 4086 (ιθ
430 4022 489 4084 ¹1⁸⁰
519 4021 655 4084 mlletil
684 4021 791 4083 cuncti
823 4021 1002 4084 ‘1⁰010r982
1032 4045 1046 4080 s
1098 4034 1187 4108 bere,
1204 4033 1264 4096 iste
1284 4029 1749 4107 scilicetoespotismosoaaco
1777 4029 1896 4091 etbru·
2007 4067 2008 4098 ι

254 4125 432 4202 ιΗᾶθῑθΰῠὸ
467 4124 734 4196 Rsslttsslflwsslt
776 4123 862 4200 apud
901 4123 1049 4198 Fleant.
1100 4133 1172 4196 talis
1200 4130 1679 4211 riolentirsquaeriguuturet
1704 4136 1896 4192 evertuntur
2007 4165 2008 4172 ι

252 4223 343 4300 teth·
369 4221 515 4299 Gflbtll‘ts
544 4239 577 4286 ¹¹·
607 4223 646 4284 1⁶
671 4229 702 4284 θῑ
724 4225 808 4304 seq.)
1100 4232 1236 4310 imperia
1250 4229 1343 4311 juxta
1361 4229 1583 4310 quotidianam
1601 4228 1817 4308 cupiditatum
1832 4247 1896 4291 mu·

291 4337 433 4416 Septimo
444 4335 657 4416 ollipotio.—
668 4337 733 4398 Stat
750 4335 783 4398 in
800 4335 944 4400 libertate
955 4354 1049 4418 quast
1099 4333 1253 4397 tationem
1273 4339 1307 4394 ut
1323 4330 1466 4396 veridice
1481 4331 1521 4393 ab
1536 4329 1670 4393 historia
1688 4330 1838 4393 docetur.

253 4437 461 4518 physicarum
484 4435 663 4508 civitatum,
677 4434 871 4512 oppidorum
894 4443 926 4498 et
952 4453 1049 4517 pago·
1139 4437 1218 4500 curu
1247 4434 1411 4496 exereitus
1440 4447 1499 4494 sua
1523 4430 1740 4494 destinatione
1763 4429 1897 4498 exsista-¹

253 4554 327 4600 ruru
342 4535 605 4600 associatiouum.
624 4533 749 4596 Etenim
776 4551 815 4594 ιι
829 4550 920 4613 equa
930 4541 962 4596 et
975 4552 1049 4598 rera
1099 4540 1139 4602 ad
1153 4537 1300 4602 omniurn
1314 4535 1453 4598 arationis
1464 4535 1588 4615 jurium
1605 4541 1636 4598 et
1651 4535 1889 4598 commodorum

254 4636 459 4720 proprietatis
477 4635 622 4710 notione,
650 4633 734 4696 sieut
759 4651 796 4696 ex
815 4633 1048 4698 intellectuali·
1099 4638 1344 4707 defensionem,
1362 4635 1576 4716 consequitur
1602 4642 1697 4698 ulex
1718 4634 1894 4724 iustitiam

253 4739 316 4804 hus
346 4745 378 4802 ιι
413 4736 589 4800 moralibus
621 4736 780 4800 interesse
818 4749 1047 4816 personarum,
1101 4756 1159 4820 pro
1175 4735 1461 4817 orurriumjurium
1479 4735 1651 4799 securitate
1676 4733 1894 4813 principaliter

255 4838 451 4905 familiarum
467 4844 498 4901 ιι
523 4835 790 4902 communitatum
813 4834 1000 4900 naturaliter
1017 4849 1050 4900 ιι
1102 4839 1245 4921 praestari
1269 4838 1396 4913 debeat,
1415 4853 1470 4916 per
1495 4836 1720 4914 proprietatem
1750 4841 1783 4896 et
1811 4836 1894 4898 circs

254 4940 441 5007 necessario
462 4939 613 5002 oriuntur
628 4937 801 5015 ampliores
818 4936 1049 5000 associationes
1102 4939 1286 5023 quimajora
1298 4938 1465 5002 commoda
1479 4945 1510 5000 et
1519 4935 1724 5017 juratuenda
1736 4935 1892 4998 obtinent.

255 5042 457 5105 diuersarum
468 5039 605 5119 alicuius
616 5052 738 5116 magne
748 5036 1048 5116 nationisportium.
1102 5043 1254 5120 Quolibet
1265 5041 1329 5105 alio
1343 5040 1439 5105 modo
1449 5040 1512 5103 rim
1526 5045 1677 5102 armatam
1692 5036 1897 5101 coadunandi

256 5141 496 5208 Constitutione
515 5138 650 5219 physica
664 5144 695 5202 et
716 5137 928 5218 geographica
945 5146 1048 5215 terrm,
1102 5151 1212 5227 potest.
1230 5143 1347 5207 adduci
1370 5142 1531 5222 aequitatis
1560 5140 1716 5204 naturalis
1744 5138 1894 5209 violatio.

256 5246 404 5311 moribus
426 5253 458 5308 et
483 5243 663 5308 commodis
679 5244 907 5307 communibus
924 5245 957 5306 io
973 5262 1049 5325 pere
1103 5253 1136 5311 et
1170 5243 1240 5310 iere
1267 5261 1398 5322 semper
1430 5243 1729 5323 perturbationibus
1761 5239 1895 5321 praeberi
2007 5245 2008 5248 ’

254 5355 355 5430 petuo
372 5351 522 5412 contactu
536 5343 687 5424 repertis,
702 5343 890 5408 naturaliter
908 5343 1049 5409 circum·
1103 5349 1319 5414 instrumenta
1344 5354 1431 5412 tosto
1453 5347 1553 5426 magis
1571 5363 1652 5409 cara
1678 5352 1801 5425 quanto
1824 5341 1894 5422 plus

255 5450 385 5530 scriptas
395 5445 585 5528 huiusmodi
595 5444 825 5510 associationes
838 5446 901 5508 sub
912 5445 1051 5510 dirersis
1105 5448 1303 5520 mercenaria
1321 5455 1409 5511 sunt.
1426 5448 1547 5524 Milites
1563 5463 1628 5510 non
1644 5444 1763 5509 debent
1780 5441 1894 5524 prioci-

256 5550 445 5614 nominibus
457 5550 527 5614 sire
539 5548 679 5611 districti
693 5547 762 5611 sire
773 5546 959 5627 provincia,
975 5555 1050 5625 etc,
1104 5549 1212 5630 pibus,
1230 5554 1264 5610 ιι
1278 5546 1360 5611 falso
1375 5547 1524 5615 dictitum
1538 5553 1598 5620 ast,
1612 5561 1728 5609 cecam
1743 5542 1895 5607 obedien·

257 5650 422 5730 designari
452 5649 570 5716 solent.
598 5649 667 5714 Etsi
684 5647 893 5728 multiplicata
913 5657 944 5712 et
963 5666 1055 5720 coms
1106 5651 1180 5718 tiam
1211 5648 1267 5712 sed
1298 5647 1442 5730 justam;
1473 5664 1544 5711 nam
1575 5662 1671 5710 omne
1702 5642 1892 5723 obsequium

259 5748 374 5828 plicata
403 5749 437 5812 in
472 5750 531 5814 hac
555 5749 712 5829 ampliore
742 5748 954 5813 associatione
978 5750 1052 5831 jura
1104 5751 1199 5816 debet
1214 5765 1286 5812 esse
1302 5749 1504 5815 rationabile.
1531 5751 1569 5812 Et
1584 5765 1624 5812 ex
1642 5745 1788 5811 unanimi
1803 5744 1892 5808 theo·

260 5849 417 5924 naturalia
447 5849 659 5928 nibilominus
697 5847 911 5916 essentialiter
939 5851 1055 5922 eadem
1108 5851 1256 5930 togarum
1282 5862 1312 5913 et
1335 5850 1574 5916 canonistarum
1593 5847 1770 5924 sententia,
1799 5857 1895 5914 «uolt.
