4004 6458
317 361 374 434 πθ
810 369 922 432 tttttts
941 367 1120 433 cndotttct
1140 368 1406 432 conentbttttt.
1865 375 1907 440 ιω

318 483 379 546 sita
392 480 525 555 inednt,
539 481 644 548 clerici
660 488 690 546 et
710 497 853 562 persorrre
864 484 1100 558 ecclesiastice,
1156 482 1311 546 immunit.
1340 481 1460 551 eretur
1475 495 1504 545 e.
1532 481 1615 558 outa
1631 479 1784 554 ueuuutti,
1807 488 1832 557 l,
1848 493 1907 555 eud,

318 595 384 644 non
399 600 416 643 a
433 582 587 646 ministris
602 581 705 652 laicis,
721 580 776 644 sed
793 599 881 644 asco
893 583 1056 664 episcopo,
1069 589 1100 646 et
1155 580 1203 642 tit.
1218 580 1250 642 in
1265 582 1296 643 b.
1312 581 1366 645 eit.
1383 581 1512 645 constit.
1528 579 1644 644 Urbani
1669 581 1739 644 Vlll
1756 581 1909 662 itemque·

318 681 486 760 strperiore
502 679 719 746 ecelesiestico
742 680 990 761 compellantnrr
1010 683 1098 763 prins
1154 681 1247 764 tisun,
1264 686 1296 746 et
1310 698 1459 760 expresse
1475 681 1559 744 bulla
1575 679 1682 754 neue,
1697 683 1712 756 t
1728 679 1789 760 tn.)
1802 716 1835 728 -
1846 683 1909 750 lten

321 781 408 862 cipes
424 781 524 856 enim,
539 787 569 846 ot
581 779 748 844 secutores
763 787 935 859 potestates
950 798 1014 844 non
1028 799 1102 858 qus·
1154 783 1208 858 qui
1225 782 1370 862 pedagia,
1398 781 1559 862 guidagia,
1576 779 1692 856 tallias,
1706 780 1755 844 rel
1771 783 1908 861 vectigalis

318 887 393 944 sunt
427 880 460 944 in
490 879 541 946 bis
568 897 604 944 se
627 879 852 944 intromittere.
880 901 894 940 a
919 877 978 960 (lta
1001 879 1099 943 luso-
1154 867 1469 960 eisdem'imuonuut,
1489 880 1536 944 vel
1553 879 1652 944 abeis
1668 877 1811 958 exigunt,
1832 883 1907 944 etiru

318 998 412 1046 caux.
440 981 473 1044 in
500 981 576 1045 diet.
605 979 997 1061 enumeraremus,
1027 985 1100 1060 etc.)
1156 995 1213 1060 pro
1241 981 1338 1044 rebus
1371 981 1510 1060 propriis
1537 979 1681 1060 ipsorum
1710 979 1911 1046 ecclesiastice

318 1079 481 1144 Hactenus
507 1080 629 1144 decisio
656 1083 767 1154 note„
791 1097 888 1160 quem
912 1090 1020 1144 secute
1052 1088 1101 1146 est
1156 1100 1237 1145 rum.
1260 1083 1307 1162 (C.
1333 1082 1517 1165 Quanquam
1533 1084 1564 1156 l,
1581 1085 1624 1145 Dr
1639 1082 1911 1162 rensiduriabd-

319 1196 401 1242 saer.
418 1195 528 1258 congr.
553 1181 594 1244 28
615 1179 718 1258 durtt.
746 1180 837 1252 tcto,
854 1185 887 1242 nt
905 1180 999 1243 relert
1027 1182 1102 1244 Ber·
1155 1186 1223 1247 lmo
1251 1183 1333 1248 banc
1358 1175 1725 1248 excommunicationem
1757 1185 1911 1256 incurrunt,

288 1317 289 1322 κ
318 1276 407 1352 bose,
418 1278 510 1340 luris
522 1278 691 1342 ecclesiast.
702 1278 839 1340 univers.
854 1277 910 1340 lib.
926 1296 949 1349 r,
965 1295 1033 1356 cap.
1048 1279 1099 1353 39,
1155 1285 1212 1367 qni
1235 1285 1282 1348 sic
1296 1284 1443 1364 imposita
1466 1284 1558 1347 etiam
1575 1301 1591 1346 e
1608 1291 1723 1362 sponte
1742 1281 1877 1345 dentibus
1889 1294 1913 1346 et

319 1375 380 1452 ib,
392 1393 424 1440 n.
440 1377 479 1450 ⁸3
504 1376 588 1458 apud
604 1378 748 1440 Ferrum.
775 1377 861 1442 verb.
878 1378 978 1452 Bono,
995 1384 1052 1442 art.
1068 1380 1100 1456 2,
1155 1383 1419 1458 concedentibus,
1435 1382 1495 1447 boe
1510 1390 1558 1446 est
1572 1383 1642 1446 sine
1663 1379 1726 1444 alie
1741 1381 1782 1451 ri,
1804 1389 1854 1442 aut
1874 1399 1913 1443 m·

318 1491 353 1536 n.
370 1478 410 1538 69
428 1488 458 1538 et
474 1478 523 1540 70.
1155 1484 1282 1548 actione
1300 1494 1414 1564 qroeter
1440 1485 1653 1552 erectionem,
1684 1499 1741 1543 seu
1760 1481 1913 1558 impositio·

318 1609 397 1684 ΗΥ.
415 1611 502 1668 -llc
526 1611 615 1683 omnis
635 1611 795 1668 ululantium
825 1611 1023 1670 immanitatem
1051 1617 1099 1672 bo·
1156 1603 1241 1658 nrm,
1259 1586 1431 1664 reciilium·
1451 1581 1771 1663 (Bmmcmrffl‘
1789 1589 1911 1644 ⁰¹⁰⁰¹¹⁵¹=

354 1682 729 1750 norumecnlesiesticorum,
755 1689 784 1738 et
809 1683 1035 1743 deabsotutione
1065 1687 1100 1744 ab
1154 1685 1483 1758 Uansurllllldlom.
1501 1681 1913 1764 pontifici-limenio·
1974 1701 1975 1740 4

354 1751 471 1806 ⁰¹⁵d⁰¹¹¹·
1156 1791 1290 1847 currunt
1321 1799 1446 1856 omnes,
1472 1783 1526 1864 qni
1547 1801 1603 1862 per
1618 1799 1666 1854 se,
1687 1779 1736 1843 rei
1768 1796 1820 1857 net
1840 1781 1912 1850 titt·

359 1877 385 1940 l.
402 1879 486 1944 Uitru
515 1880 735 1957 gravissimum
765 1881 924 1962 sacrilegii
952 1885 1100 1964 culpem,
1154 1883 1287 1960 directe,
1315 1883 1364 1945 rel
1384 1883 1537 1945 indirecte
1552 1881 1699 1962 praedicte
1712 1879 1838 1949 lucium,
1860 1897 1913 1957 qro-

321 1977 1100 2060 triqlexqotissimumnoenaineurritnreuiole·
1155 1990 1289 2057 curam,
1324 1981 1372 2045 sel
1406 1989 1651 2062 exsequuntur,
1678 1991 1734 2042 eut
1759 1979 1789 2039 in
1815 1977 1912 2040 etsdm

320 2077 444 2142 toribus
462 2079 699 2144 immunitatum
728 2083 1015 2148 ecclesiasticorum
1040 2083 1100 2146 bo·
1156 2081 1326 2154 auxilinm,
1342 2083 1528 2154 eortsilium,
1556 2081 1605 2143 vel
1621 2080 1762 2143 lusorem
1780 2085 1912 2154 crustant,

319 2189 445 2240 norom.
1156 2179 1223 2240 siue
1249 2179 1313 2240 sint
1342 2179 1483 2258 supremi
1520 2177 1682 2258 principes
1720 2177 1913 2256 cujuscunque
1974 2185 1975 2212 ³

357 2273 462 2338 Prima
484 2292 574 2356 enne
595 2284 655 2354 est,
671 2277 757 2358 qnod
782 2280 890 2344 omnia
905 2297 1016 2344 eorum
1033 2288 1100 2344 acte
1157 2278 1417 2358 qrroeeminentie,
1448 2295 1506 2341 scu
1524 2277 1702 2356 diguitatis,
1719 2279 1810 2337 etiam
1837 2275 1913 2351 inue-
1974 2267 1975 2294 ³

318 2384 428 2439 contra
446 2375 539 2440 talem
561 2376 810 2452 immonitetem,
827 2397 1005 2462 omnesque
1022 2399 1100 2445 eon·
1157 2377 1257 2450 riulis,
1292 2377 1425 2457 regatis,
1455 2377 1592 2451 ducalis,
1619 2383 1676 2438 aut
1706 2375 1816 2455 queuis
1838 2379 1911 2436 etium

317 2472 516 2550 stitutionem
536 2482 567 2540 et
582 2477 762 2551 sententie,
777 2496 849 2559 qum
867 2497 883 2542 e
900 2479 1099 2542 collectnnti·
1157 2476 1327 2555 pontificali
1342 2477 1496 2555 dignitate
1515 2478 1676 2555 insigniti,
1694 2476 1763 2539 sire
1779 2476 1837 2536 sint
1852 2475 1912 2536 sutr-
1974 2547 1975 2550 Ἴ

318 2571 380 2638 bus
408 2574 573 2652 ecclesias,
597 2575 645 2640 uel
675 2579 921 2653 ecclesiasticos,
948 2597 984 2642 nc
1011 2597 1101 2644 com·
1155 2574 1292 2639 ordinati
1322 2583 1467 2646 senatus,
1498 2575 1784 2654 nregistratns,aut
1809 2573 1912 2635 aliitm·
1973 2643 1975 2654 Ι

320 2672 516 2752 pellentibus
551 2674 591 2738 ad
624 2676 892 2742 contribuendum
920 2678 1015 2740 etiem
1045 2693 1101 2757 pro
1151 2674 1294 2755 jusmodi
1321 2675 1530 2756 presidentes
1561 2683 1592 2738 et
1614 2676 1759 2756 judices,
1783 2674 1912 2736 sisesint
1973 2669 1975 2758 l

319 2773 568 2840 necessitutibus
591 2773 817 2840 communibus
841 2781 915 2839 sunt
929 2777 1033 2848 edite,
1052 2777 1099 2840 rel
1157 2774 1256 2838 intitni
1271 2776 1370 2848 servi,
1384 2775 1433 2838 vel
1453 2775 1576 2848 tumult,
1593 2783 1647 2838 aut
1664 2775 1803 2846 lictores,
1819 2773 1860 2836 rel
1877 2791 1913 2836 su·
1974 2761 1975 2812 l

317 2870 513 2951 delusorum
530 2875 913 2955 mandatoqromulqctee,
936 2877 1006 2956 iqso
1026 2875 1100 2956 jure
1157 2873 1287 2951 tellites,
1319 2881 1373 2938 aut
1401 2877 1671 2946 mititesdirecte,
1710 2875 1758 2938 vel
1785 2875 1912 2938 indirecte

317 2972 385 3038 sint
399 2972 509 3050 irrite,
525 2992 583 3038 nec
600 2975 667 3039 ullo
693 2994 833 3057 unquam
861 2983 1003 3054 temnere
1019 2977 1100 3042 ruli·
1157 2983 1386 3055 exsequentes,
1404 2976 1452 3040 rel
1469 2977 1506 3039 ad
1522 2977 1766 3040 exsecutionem
1777 2977 1910 3056 jurantes,

319 3079 409 3146 turre,
427 3081 514 3138 textu
535 3065 686 3153 expresso
702 3077 736 3138 in
752 3095 822 3155 ears.
836 3077 991 3140 Aduersus
1005 3079 1037 3152 ‘l,
1058 3079 1103 3140 lie
1157 3083 1244 3138 textu
1261 3093 1413 3156 expresso
1429 3077 1462 3139 in
1483 3078 1548 3139 bul.
1565 3078 1663 3142 Coun
1693 3081 1708 3153 t
1725 3080 1773 3139 lii.
1790 3077 1911 3148 -outu

318 3172 475 3236 immutuit.
488 3175 594 3240 eccles.
612 3183 643 3239 et
657 3177 785 3240 constit.
801 3177 917 3240 ilrbuni
934 3177 1019 3246 Vlll.
1037 3178 1100 3240 lic·
1158 3175 1222 3236 itno
1246 3177 1343 3238 etiem
1360 3193 1563 3239 successores
1593 3179 1624 3238 in
1652 3177 1760 3239 cilicio
1775 3177 1911 3256 imponen-

317 3276 582 3354 monuspeutiten
596 3292 690 3355 suque
702 3276 769 3352 eit.;
781 3284 811 3339 et
824 3279 901 3339 ratio
914 3286 962 3339 est
973 3277 1046 3356 quia
1062 3295 1100 3340 ex
1157 3274 1235 3336 tium
1265 3276 1425 3352 collectus,
1441 3276 1489 3340 vel
1514 3294 1610 3340 onera
1626 3277 1853 3347 ecclesiasticis,
1867 3291 1909 3337 ex·

317 3371 427 3452 nequi.
435 3375 503 3454 jur.
518 3376 570 3446 26,
594 3375 626 3438 in
651 3379 671 3438 6
687 3397 695 3435 =
714 3376 761 3438 Ec
776 3394 843 3456 que
855 3377 935 3458 liunt
949 3397 969 3438 c
982 3377 1101 3458 judice,
1155 3376 1477 3440 communicetienem
1491 3377 1671 3452 incurrunt,
1690 3378 1833 3440 nisiintra
1844 3393 1909 3437 men·

318 3475 347 3536 si
357 3473 399 3535 ad
414 3473 481 3555 ejus
497 3493 561 3542 uon
575 3485 716 3556 spectant
730 3478 881 3558 esicium,
895 3479 1018 3542 viribus
1037 3497 1101 3540 non
1156 3491 1222 3536 sem
1250 3475 1475 3538 satisfecerint.
1508 3475 1622 3558 (Texta
1642 3492 1796 3556 expresso
1817 3475 1845 3536 in
1859 3491 1909 3552 cap.

317 3573 506 3638 subsistunt.
1155 3573 1309 3636 Aduersus
1323 3575 1354 3648 l,
1371 3573 1409 3636 de
1421 3575 1583 3638 Immuuit.
1609 3575 1731 3656 certer.)
1747 3575 1909 3654 Huiusmodi

359 3673 503 3736 Secunde
527 3691 615 3754 qmna
641 3681 688 3740 est
713 3675 800 3756 quod
818 3683 989 3740 teneantur
1006 3676 1100 3740 resti·
1156 3681 1262 3738 autem
1294 3691 1510 3750 successores,
1540 3692 1582 3738 ne
1610 3675 1910 3740 excommunicentur

318 3775 411 3835 tuere
447 3789 483 3836 ea
523 3775 657 3847 omnic,
696 3790 768 3854 que
808 3776 849 3838 ab
890 3773 1034 3838 ecclesiis
1070 3781 1102 3840 et
1156 3772 1408 3851 obstringuntur,
1444 3781 1597 3838 tenentur
1613 3773 1651 3836 ad
1678 3771 1909 3840 satislsctiouen,

319 3871 544 3936 ecciesiasticis
583 3873 731 3952 personis
763 3881 819 3936 ant
856 3873 951 3937 bonis
990 3889 1100 3938 earum
1156 3873 1298 3938 enreutlo
1313 3871 1560 3936 satisfactionem
1575 3868 1910 3950 qraestariecommuni·

319 3977 508 4049 exesserunt.
529 3971 635 4050 (Citut.
658 3989 685 4036 c.
702 3972 774 4036 Nou
795 3972 910 4050 minus,
926 3989 998 4038 cnm
1013 3973 1103 4038 simi·
1158 3981 1220 4036 tate
1250 3973 1282 4036 in
1312 3972 1404 4052 cujus
1423 3971 1591 4034 utilitatem
1611 3987 1798 4033 eoncessum
1813 3975 1853 4030 est
1870 3967 1910 4028 tri·

318 4069 429 4153 libus.)
1157 4067 1283 4146 butum,
1295 4089 1354 4134 sen
1369 4071 1500 4134 collecta
1510 4091 1521 4142 r
1553 4069 1602 4132 vel
1619 4068 1858 4147 constringendo
1871 4081 1908 4126 sa·

357 4171 463 4234 Tertia
474 4187 565 4252 pmua
580 4171 1102 4253 est,quodincurrantipsojnreet
1158 4173 1370 4236 tisiectionem
1385 4173 1526 4252 prestari
1543 4172 1582 4233 ab
1606 4170 1646 4232 iis
1663 4170 1784 4250 quibus
1798 4165 1908 4228 collecte

318 4267 402 4334 iacto
418 4271 782 4336 excommunicationem
796 4271 960 4351 mojorem.
974 4271 1100 4352 (C.Nou
1156 4272 1321 4352 applicate
1335 4278 1426 4346 snut;
1443 4273 1476 4335 in
1494 4272 1621 4335 delectu
1634 4285 1711 4334 uero
1725 4266 1908 4333 communita-

317 4370 421 4436 miuur
436 4371 465 4448 l,
486 4373 530 4436 lte
544 4373 698 4436 immeruit.
715 4372 832 4444 erclen:
854 4391 881 4436 c.
896 4371 1054 4438 Aduersus
1067 4374 1099 4447 7,
1157 4371 1210 4447 tis,
1228 4373 1276 4437 rel
1307 4371 1436 4436 illorum
1470 4373 1590 4453 quibus
1620 4370 1759 4435 collectae
1779 4367 1909 4449 applicato

318 4472 391 4536 eod.
405 4471 507 4549 tit.;c.
524 4473 709 4556 Quanquam
731 4474 763 4548 t,
779 4475 823 4536 Dc
837 4473 980 4536 censibus
1005 4474 1039 4538 iu
1062 4475 1100 4550 θ,
1156 4483 1244 4550 sunt,
1273 4474 1299 4537 si
1330 4489 1534 4538 successores
1566 4473 1598 4534 in
1628 4471 1735 4534 cilicio
1763 4470 1821 4530 sint
1837 4466 1907 4527 etiam

318 4573 488 4636 concordat
516 4573 673 4636 clement.
699 4573 867 4647 Quoniam,
890 4590 917 4636 c.
943 4573 1029 4636 unic.
1058 4574 1102 4636 lie
1158 4574 1300 4638 berettus
1330 4575 1613 4652 predecessorum,
1630 4571 1686 4651 qni
1704 4567 1908 4633 colteetamim

289 4669 292 4678 ⁴
316 4671 473 4734 immunit.
494 4671 611 4742 erclen:
628 4680 829 4751 etextrumg.
856 4671 948 4748 Quod
964 4671 1042 4736 clim
1071 4673 1101 4750 1,
1158 4677 1348 4751 posuerunt,
1378 4678 1527 4735 tenentur
1550 4671 1613 4750 ipsi
1636 4670 1673 4734 ad
1706 4666 1907 4731 restitutionem

319 4771 369 4834 tit.
399 4773 470 4836 eod.
500 4781 530 4836 et
555 4791 706 4852 expresse
733 4773 820 4836 bulla
851 4773 967 4848 Cunus,
999 4777 1015 4850 t
1044 4775 1100 4849 ts,
1156 4768 1908 4851 damni,qnodEcclesiae,relecclesiasticoque

318 4875 349 4932 et
363 4872 493 4936 constit.
510 4874 633 4938 lissam
659 4874 743 4949 Vlll,
759 4873 916 4938 domuum
941 4874 1100 4956 puniisse,
1155 4887 1243 4936 soom
1260 4887 1301 4934 ex
1332 4871 1541 4950 impositione
1557 4871 1646 4932 illins
1672 4869 1809 4931 euticete
1831 4875 1907 4943 passe

318 4971 418 5048 citat.)
1156 4979 1245 5046 suut,
1263 4970 1346 5034 sient
1362 4978 1512 5036 tenentur
1529 4970 1591 5049 iusi
1608 4959 1906 5050 predecessoresqui

358 5092 374 5127 e
392 5071 590 5152 Huiusmodi
605 5073 946 5140 excommunicationis
973 5091 1100 5156 mem
1156 5071 1319 5136 collectam
1343 5069 1629 5151 impossitionem
1646 5077 1906 5135 serosnceessores

316 5176 487 5234 incurrunt
511 5188 637 5249 omnes,
655 5180 688 5237 et
709 5173 829 5252 singuli
855 5173 927 5238 eine
952 5189 1101 5253 expressa
1156 5175 1191 5238 in
1217 5173 1323 5239 officio
1339 5190 1405 5238 non
1431 5174 1495 5236 sint
1523 5173 1679 5246 haeredes,
1696 5189 1759 5236 uon
1788 5175 1907 5232 teneutar

317 5271 449 5348 speciali
466 5273 591 5337 licentia
609 5273 742 5337 Romani
761 5273 918 5352 pontificis
935 5273 1101 5354 exigentes
1155 5289 1197 5338 ex
1211 5272 1348 5354 propriis
1365 5272 1461 5336 bonis
1476 5271 1672 5349 satisfecere,
1684 5289 1741 5334 seu
1756 5269 1906 5334 restituere,

316 5371 358 5433 ab
379 5371 535 5450 ecclesiis,
553 5373 844 5456 ecclesiasticisque
871 5376 1030 5453 personis,
1045 5383 1101 5440 ant
1155 5391 1228 5440 cura
1258 5375 1320 5450 iusi
1341 5390 1406 5436 non
1438 5373 1646 5454 deliquerint,
1672 5387 1730 5436 nec
1755 5369 1860 5449 aliquid
1878 5380 1904 5425 ex

318 5485 428 5535 earnm
457 5473 573 5550 bonis,
597 5474 757 5551 collectus,
787 5475 950 5551 decimas,
976 5475 1099 5552 tallias,
1155 5477 1299 5542 collectis
1313 5477 1353 5540 ab
1364 5477 1505 5542 Ecclesia
1522 5477 1605 5541 detis
1623 5463 1903 5555 usurpauerintnl·

317 5571 529 5648 prestantius,
542 5579 573 5634 et
601 5589 803 5656 quecunque
819 5573 879 5636 alia
901 5573 1099 5654 hujusmodi,
1156 5593 1261 5658 eoque
1282 5577 1309 5640 si
1326 5575 1407 5640 intre
1422 5592 1565 5640 mensem
1582 5592 1647 5638 non
1664 5578 1794 5655 possunt
1806 5564 1906 5630 satistr-

316 5676 431 5746 preter
447 5688 483 5736 er
498 5689 603 5754 quaen
630 5673 705 5750 jure
730 5674 885 5736 cononice
909 5675 1099 5752 perurittun·
1156 5675 1295 5740 ctionem
1313 5681 1474 5755 prestare,
1488 5691 1552 5739 non
1567 5673 1737 5738 incurrunt
1752 5677 1905 5735 excomm·
1965 5677 1966 5706 ³

316 5769 379 5827 itit·
395 5765 441 5846 (C.
458 5767 529 5834 ll'un
554 5771 654 5832 miuus
677 5769 708 5846 l,
724 5776 754 5832 et
778 5789 806 5834 c.
829 5770 984 5836 Aduersus
1008 5773 1039 5850 't,
1056 5773 1099 5836 Dr
1157 5774 1363 5851 dicationem,
1392 5776 1466 5856 quta
1486 5792 1596 5842 revere
1623 5791 1685 5839 noo
1715 5765 1901 5849 deliquerant·
