4046 6460
133 445 195 510 255·
373 444 470 509 PARS
489 449 547 512 ΙΙΙ.
567 451 616 513 DE
636 451 831 515 PERSONIS.
862 453 980 514 -tht
1001 453 1088 517 vlu.
1108 457 1156 519 DE
1176 459 1463 544 nnuonanrbtm,
1483 467 1565 532 ETC.
1709 475 1764 540 266

135 553 184 632 (in
199 551 345 616 clement
361 555 387 628 l,
403 553 555 619 Dorceus
573 558 676 621 eccles.
696 577 760 620 non
783 557 923 622 alienon·
977 560 1094 626 debent
1117 565 1313 632 ordinariam
1345 571 1605 652 jurisdictionem
1632 595 1665 644 m
1693 582 1764 649 loro

132 653 196 726 dis,
211 651 297 715 verb.
314 653 483 736 Propriil;
506 665 537 718 ει
553 659 692 721 sumitur
706 675 746 722 en
773 675 841 739 cap.
865 657 925 721 At·
975 663 1207 738 penitentie...

131 749 230 822 butes,
248 752 292 812 De
304 750 484 832 privilegiis
500 755 533 816 in
549 756 579 830 6,
595 755 640 820 ibi
656 769 664 819 :
680 759 719 820 In
734 775 811 838 quos
826 756 923 820 eccie-
1016 787 1030 821 u
1046 767 1150 847 Atque
1165 771 1276 834 eadem
1295 775 1376 839 ratio
1391 794 1463 840 cum
1481 781 1690 861 proportione
1707 787 1763 868 ap'·

131 852 293 914 siasticom
304 861 332 914 el
347 854 438 932 maeri
452 853 658 935 episcopalem
664 855 923 938 jurisdictionem
975 860 1085 940 plicari
1104 875 1208 946 polest
1223 871 1261 932 ad
1282 881 1445 938 externam
1468 879 1732 958 jurisdictionem
1753 907 1761 948 ε

131 948 287 1013 occinent,
307 953 365 1014 {lbi
384 955 491 1034 glossa
520 968 607 1023 noval
629 963 734 1025 vocari
755 965 922 1046 quastepl.
973 960 1124 1025 namhoc
1139 965 1234 1028 etiam
1249 974 1432 1036 necessaria
1450 982 1498 1038 εει
1524 981 1564 1040 ad
1593 963 1763 1059 roligionis

130 1047 299 1126 scopalem,
317 1053 393 1130 quia
413 1069 524 1118 nense
550 1058 694 1120 extendit
709 1062 747 1123 ad
762 1070 864 1135 actus,
881 1063 920 1125 ad
972 1061 1443 1145 gubernationem...Quamvis
1465 1078 1565 1154 enim,
1594 1083 1627 1144 in
1652 1083 1760 1162 rigore

130 1161 216 1226 qnos
234 1155 373 1226 potestas
395 1153 520 1218 ordinis
543 1174 603 1220 seu
628 1162 825 1224 consecratio
853 1161 921 1238 epi·
973 1155 1147 1237 loquendi),
1165 1170 1305 1241 potestas
1331 1167 1525 1238 domissttitt
1541 1189 1648 1257 posset
1674 1183 1764 1248 sulii·

131 1261 304 1326 scaporum
319 1253 499 1317 necessaria
514 1263 572 1318 est.
588 1280 602 1316 s
622 1255 774 1337 (Souara.
790 1262 833 1323 Dc
844 1261 920 1323 reli·
970 1271 1043 1319 tere
1061 1259 1099 1322 td
1116 1265 1311 1330 exteriorem
1324 1271 1603 1350 gubernationem,
1623 1299 1759 1360 proser-

129 1345 504 1426 95m‚10m‚1v‚1r00g
522 1359 853 1438 vm‚1512‚11‚0,2‚n‚
874 1363 918 1445 9,)
971 1356 1027 1418 tim
1051 1359 1089 1422 ad
1112 1370 1338 1432 oeconomicam
1374 1371 1471 1434 nnius
1499 1374 1628 1455 demus,
1652 1389 1759 1446 tamen

218 1530 282 1603 5¹¹·
296 1561 333 1575 -
347 1533 464 1602 Quinam
488 1541 608 1615 religiosi
633 1543 690 1600 sint
711 1546 826 1618 praelati.

169 1712 184 1746 a
202 1690 376 1756 Generales
392 1697 553 1773 ordinum,
571 1700 797 1780 provinciales,
809 1705 918 1768 elsin-

127 1790 281 1869 guleram
296 1806 514 1860 conventuum
528 1799 728 1879 superiores,
742 1819 801 1864 seu
815 1809 918 1865 recto·

127 1905 193 1962 res,
205 1906 280 1952 vere
292 1901 324 1953 at
337 1895 465 1972 proprie
483 1903 560 1958 sunt
587 1897 722 1976 prolati,
740 1907 775 1960 et
799 1897 916 1962 habeut

127 1989 232 2068 alege
246 1991 398 2055 canonica
417 1993 681 2074 jurisdictionem
707 1998 914 2074 ordinariam,

127 2105 193 2152 non
225 2107 300 2154 vere
331 2092 519 2172 delegatam.
548 2118 563 2154 ι
592 2097 725 2178 Triplex
746 2097 915 2180 religionis

126 2183 277 2264 prelatus
291 2191 484 2270 generaliter
498 2194 658 2278 distingui
674 2205 790 2276 potest,
823 2195 915 2260 scili·

125 2296 175 2348 cet
193 2288 332 2366 iniimus,
348 2307 521 2372 supremus
539 2304 570 2358 ει
587 2295 753 2360 medius...
783 2297 915 2360 Prolati

125 2387 228 2466 infimi
244 2391 276 2452 in
286 2390 443 2472 religione
456 2403 529 2457 suot
543 2395 602 2471 illi,
618 2397 675 2476 qui
687 2397 913 2462 conventuales

124 2503 186 2548 seu
207 2487 321 2550 locales
342 2498 506 2568 vocantur,
522 2511 661 2576 quorum
683 2496 913 2578 unusquisque

125 2585 184 2648 nni
202 2594 324 2649 tantum
337 2592 533 2655 monasterio
550 2601 675 2672 preest,
687 2602 717 2658 et
732 2595 767 2658 in
790 2612 829 2658 eo
849 2594 913 2658 im·

123 2686 294 2749 mediatam
316 2690 397 2766 gerit
414 2691 643 2770 praelationem,
669 2695 712 2757 ila
730 2704 764 2757 ut
779 2694 863 2758 inira
878 2712 913 2760 εε

124 2785 253 2847 εειιεε]
269 2787 369 2850 alium
386 2791 552 2867 prelatum
572 2791 697 2856 habeut.
719 2795 912 2876 Huiusmodi

124 2894 175 2948 εει
204 2886 417 2963 subsereret
435 2889 547 2970 gratia,
576 2894 674 2956 nnius
706 2895 912 2972 monasterii;

123 2985 225 3064 prior,
240 2989 449 3068 guardiauus,
464 3000 522 3056 etc.
542 2995 619 3056 Nam
631 2994 690 3058 hos
702 3010 814 3058 omues
837 3011 912 3060 vere

122 3087 272 3164 prmlalos
287 3094 548 3156 essecommunis
564 3095 725 3158 sententia
740 3101 797 3158 εει.

163 3210 215 3272 «Ι.
231 3211 402 3293 Supremos
415 3215 565 3294 prelatus
585 3216 755 3298 religionis
780 3217 910 3296 dicitur,

122 3307 279 3387 quiintra
310 3311 397 3373 illam
426 3313 629 3394 superiorem
659 3315 850 3390 nonhabet,
878 3325 910 3380 et

121 3407 326 3474 omnesalias
341 3411 485 3492 ejusdem
504 3413 673 3494 religionis
685 3415 831 3494 prolatos
849 3415 908 3480 sibi

121 3505 218 3570 babet
230 3509 405 3588 subjectos.
421 3511 493 3587 -Qui
521 3515 681 3592 prelatus,
699 3513 734 3579 in
757 3516 909 3582 omnibus

121 3608 337 3687 religionibus
352 3628 426 3690 quae
438 3612 531 3676 illum
548 3613 678 3689 babent,
699 3622 831 3678 vocatur
857 3633 910 3696 gc·

119 3705 258 3778 ceretis,-
274 3710 419 3787 quamvis
440 3710 473 3772 in
503 3711 697 3790 quibusdam
728 3713 909 3794 appelletur

120 3807 215 3884 prior
225 3808 393 3887 generatim
404 3809 563 3872 autetiam
574 3809 668 3872 obbas
681 3812 849 3892 generalior
874 3811 909 3874 in

118 3907 195 3970 aliis
208 3910 369 3989 magister,
382 3912 539 3990 minister,
553 3920 608 3975 aut
617 3913 808 3995 praepositos
818 3931 911 3994 gene·

117 4010 212 4072 ruiis.

160 4134 323 4198 «Prolati
344 4135 439 4200 medii
454 4137 620 4212 dicuntur,
638 4138 694 4218 qui
713 4137 797 4201 intra
816 4153 906 4200 eam·

118 4232 194 4294 dem
223 4233 412 4314 religionem
439 4235 641 4317 superiorem
664 4237 829 4316 praelatum
852 4236 908 4300 ba·

117 4333 473 4409 bevvt‚etnihilominus
485 4337 696 4418 aliquomodo
706 4337 906 4402 universales

117 4432 239 4509 prelati
254 4445 345 4507 sunt;
366 4439 475 4515 plures
488 4436 601 4500 domos
617 4437 792 4516 pluresque
821 4453 904 4515 prte-

115 4530 375 4598 latosinleriorcs
391 4535 493 4598 subsc
509 4535 676 4612 habentes,
692 4544 726 4600 ut
737 4543 814 4600 sunt
826 4553 906 4616 pro-

113 4632 267 4696 vinciales
283 4633 479 4713 religionum
496 4635 758 4712 mendicantium,
775 4645 807 4700 et
822 4636 904 4700 alia-

114 4751 189 4798 rum
203 4735 530 4814 qumeasimitantur.

157 4872 172 4904 α
190 4849 289 4911 Porro
306 4850 478 4913 dicendum
494 4858 541 4913 εει
556 4869 669 4914 omnes
690 4851 748 4915 uos
760 4854 905 4932 praeietos

114 4949 236 5012 babere
247 4951 508 5028 jurisdictionem
526 4951 729 5031 spiritualem
744 4954 778 5017 in
793 4955 906 5018 subdi·

112 5057 177 5125 tos,
194 5057 255 5111 tam
283 5051 314 5112 in
332 5051 402 5113 loro
429 5052 635 5127 poenitentlae,
664 5069 760 5132 quam
786 5054 905 5118 iniorc

113 5149 271 5212 exteriori
296 5149 516 5238 ecclesiastico
534 5159 588 5216 aut
605 5152 811 5232 religioso...
836 5156 906 5218 Hoc

111 5259 238 5313 certum
256 5259 304 5314 est
324 5252 410 5331 apud
439 5269 606 5318 omnes...
634 5255 711 5334 qula
730 5271 842 5317 omnes
870 5255 903 5317 hi

111 5357 190 5413 sunt
216 5351 370 5415 ordinarii
399 5360 554 5433 pastores,
588 5353 708 5434 quibus
735 5373 775 5417 ex
798 5355 902 5419 cilicio

110 5453 272 5515 incumbit
291 5471 366 5517 curo
382 5457 560 5518 animarum
575 5455 811 5536 religiosorum.
827 5459 903 5520 Nam

111 5564 262 5633 respectu
278 5571 401 5629 eorum,
430 5558 616 5637 superiores
643 5565 675 5622 el
703 5558 902 5622 universales

110 5655 234 5735 praetavi
263 5654 309 5735 (id
341 5666 391 5718 εει
420 5657 607 5737 generales„
621 5667 654 5723 ει
680 5658 902 5740 provinciolae)

111 5765 189 5819 sunt
215 5756 307 5837 quasi
331 5757 475 5838 episcopi
502 5779 510 5818 ε
538 5757 712 5824 interiores
736 5775 812 5822 vero
843 5775 902 5823 sea

113 5855 233 5921 locales
248 5864 324 5920 sunt
335 5857 429 5936 quasi
457 5857 599 5938 parcelli,
632 5866 662 5922 ει
683 5859 757 5924 ideo
784 5859 900 5925 babere

277 5957 332 6020 loa
364 5971 562 6023 canonicos.
592 5960 633 6022 ll.

970 1454 1127 1522 efficacior
1142 1471 1173 1525 ει
1190 1466 1298 1529 utilior
1314 1469 1386 1546 evit,
1404 1470 1431 1532 si
1444 1471 1495 1535 liat
1510 1473 1608 1538 simul
1626 1496 1683 1557 per
1696 1497 1759 1560 po·

970 1561 1114 1621 testatem
1147 1559 1398 1641 jurisdictionis.
1441 1571 1612 1652 Supposim
1651 1588 1759 1643 autam

968 1660 1175 1738 exemptione
1190 1665 1437 1744 religionumab
1450 1672 1626 1752 episcopis,
1643 1693 1758 1741 neces·

967 1757 1089 1820 sarium
1106 1769 1153 1822 εει
1168 1770 1203 1824 nt
1217 1764 1251 1826 in
1266 1765 1336 1844 ipsa
1351 1767 1511 1848 reiigione
1522 1771 1565 1832 sil
1580 1772 1646 1837 irasc
1656 1776 1760 1855 juris·

967 1855 1067 1921 dictio
1083 1867 1114 1922 ει
1125 1861 1263 1927 efficacia
1278 1866 1371 1946 ejus;
1387 1869 1464 1948 quia
1477 1885 1540 1934 non
1574 1881 1677 1950 potest
1702 1893 1757 1940 rc·

967 1955 1072 2038 linqui
1089 1960 1159 2024 sine
1176 1965 1305 2044 proprio
1320 1969 1534 2047 gubernatore
1560 1971 1643 2036 inira
1669 1992 1758 2038 sum·

968 2075 1055 2121 mum
1072 2063 1265 2139 pontificem.
1283 2068 1434 2150 Hacergo
1445 2071 1757 2141 rationenecessaria

967 2167 1016 2220 est
1037 2159 1069 2221 in
1087 2163 1243 2240 generali,
1261 2172 1292 2229 et
1306 2169 1383 2247 quia
1406 2171 1462 2234 ille
1482 2190 1547 2236 non
1568 2184 1673 2254 potest
1696 2178 1772 2242 ιω·-

966 2255 1104 2320 mediate
1116 2275 1254 2338 preesse
1273 2264 1413 2346 singulis
1425 2271 1616 2347 provinciis,
1640 2293 1755 2340 necas·

965 2357 1048 2419 saria
1065 2360 1161 2421 etiam
1180 2371 1229 2424 est
1244 2362 1277 2426 in
1295 2367 1498 2443 provinciali.
1515 2373 1633 2435 Praeter
1655 2393 1754 2454 quern

964 2454 999 2516 in
1012 2471 1206 2537 unarvuaque
1227 2465 1322 2525 domo
1335 2469 1535 2531 necessarius
1545 2477 1594 2530 εει
1603 2473 1754 2550 proprius

964 2553 1170 2633 gubernator,
1208 2560 1265 2639 qui
1306 2563 1474 2642 participet
1508 2569 1604 2631 etiam
1645 2588 1754 2636 caram

964 2651 1199 2732 episcopalem
1220 2665 1250 2719 et
1266 2658 1340 2722 idco
1357 2661 1452 2724 aliam
1468 2663 1501 2726 in
1518 2665 1577 2729 illo
1588 2673 1636 2730 est
1651 2685 1755 2734 mora·

963 2749 1038 2814 liter
1053 2758 1234 2820 necessaria
1251 2759 1318 2824 boc
1328 2761 1527 2841 jurisdictio.
1543 2767 1626 2830 litio
1646 2771 1754 2834 omni.

963 2847 1023 2912 bus
1034 2851 1195 2917 ordinaria
1207 2863 1267 2932 ast,
1284 2859 1360 2938 quia
1375 2875 1488 2924 omnes
1503 2871 1579 2928 sunt
1593 2881 1631 2928 ax
1645 2866 1752 2932 edicio

963 2957 1108 3028 pastores
1127 2960 1159 3017 et
1173 2963 1313 3020 rectores
1335 2959 1368 3020 in
1386 2957 1446 3022 boc
1470 2959 1566 3024 aliam
1595 2964 1753 3030 exteriori

961 3048 1044 3114 toro.
1060 3053 1104 3118 lta
1131 3057 1277 3121 sentiunt
1295 3061 1510 3128 communiter
1538 3064 1696 3132 doctores.
1735 3091 1751 3128 s

968 3149 1121 3234 (Suessa,
1138 3157 1182 3218 tte
1197 3159 1360 3240 religione,
1374 3171 1461 3226 tract.
1479 3181 1546 3243 vm,
1564 3165 1620 3230 lib.
1632 3172 1750 3250 vv,c.2,

962 3268 996 3316 n.
1019 3255 1148 3340 lad'i.)

1002 3354 1040 3418 ll.
1056 3378 1073 3413 a
1088 3359 1241 3425 Prolatus
1257 3364 1371 3446 major,
1381 3367 1461 3432 sine
1471 3368 1560 3451 justa
1572 3387 1669 3436 causa
1684 3389 1750 3438 non

961 3463 1066 3536 potest
1090 3458 1177 3525 licite
1193 3467 1390 3548 restringere
1404 3470 1670 3551 jurisdictionem
1693 3491 1749 3540 or·

960 3555 1117 3621 dinarium
1133 3561 1252 3640 predati
1276 3565 1442 3633 interioris
1470 3591 1479 3633 ε
1514 3581 1750 3653 potestantem

962 3655 1075 3721 valide.
1092 3660 1171 3722 laem
1193 3663 1264 3726 sine
1291 3665 1379 3746 justa
1409 3686 1504 3732 causa
1533 3674 1646 3752 nequit
1674 3691 1750 3738 eum

961 3757 1046 3822 licite
1064 3775 1234 3828 amovere:
1250 3776 1475 3844 potestantem
1494 3773 1638 3838 valide.»
1661 3775 1749 3856 (Vide

959 3857 993 3920 id
1008 3859 1192 3927 discussum
1208 3881 1225 3928 a
1241 3867 1404 3946 Suaresio,
1416 3872 1513 3936 citato
1526 3875 1654 3956 capite.)

997 3959 1053 4022 lii.
1075 3963 1144 4025 «ln
1166 3969 1471 4047 congregationibus
1494 3974 1650 4048 virorum,
1676 3993 1750 4057 qum

958 4065 1060 4122 status
1076 4063 1225 4142 religiosi
1239 4067 1413 4131 essentiam
1438 4068 1566 4147 habent,
1594 4080 1650 4136 sed
1673 4074 1750 4138 abs·

958 4175 1023 4238 que
1034 4160 1118 4224 votis
1130 4163 1344 4237 solemnibus,
1358 4169 1545 4246 superiores
1559 4172 1750 4250 regulariter

960 4255 1136 4338 loquendo,
1156 4278 1220 4325 non
1251 4270 1328 4326 sunt
1350 4267 1485 4342 praelati,
1511 4286 1571 4332 sau
1602 4288 1667 4336 non
1692 4273 1749 4336 ba·

958 4356 1033 4420 bant
1043 4368 1232 4439 potestatem
1241 4362 1611 4442 jurisdictionalem,sed
1626 4379 1748 4438 tantum

957 4457 1198 4522 dominativam
1219 4482 1235 4519 ε
1254 4462 1397 4543 ideoque
1414 4473 1524 4528 tenent
1549 4465 1749 4546 jurisdictio·

958 4575 1030 4621 nem
1059 4561 1099 4622 ab
1134 4563 1297 4642 episcopo.
1335 4586 1350 4620 a
1385 4563 1528 4631 Dicimus
1556 4569 1749 4649 regulariter

958 4659 1127 4740 teporem,-
1143 4662 1219 4743 quia
1235 4663 1304 4727 ilari
1321 4673 1425 4744 potest
1449 4675 1483 4728 ut
1499 4683 1578 4748 papa
1607 4671 1745 4753 aliquam

957 4760 1053 4822 etiam
1076 4763 1235 4842 ejusmodi
1258 4767 1539 4844 congregationem
1564 4778 1744 4850 exemptam

956 4860 1123 4934 decernat,
1145 4868 1177 4924 et
1203 4862 1273 4943 ejus
1297 4864 1522 4941 superioribus
1549 4868 1746 4935 ordinariam
1828 4861 1829 4864 '

952 4959 1211 5038 jurisdictionem
1228 4967 1381 5033 conferet.
1398 4969 1478 5053 »(Ι).
1489 4973 1606 5049 Boovx,
1622 4975 1746 5057 Deiera

955 5063 1143 5142 repellam.
1160 5067 1200 5143 il,
1219 5085 1249 5148 p.
1267 5069 1350 5151 tlt.)

958 5173 971 5245 5
990 5173 1080 5232 lll-
1092 5177 1130 5234 lle
1144 5193 1240 5236 norma
1256 5181 1388 5238 canonica
1408 5185 1530 5256 legitime
1557 5189 1745 5246 constituendi

1035 5248 1161 5317 prelatos
1176 5252 1314 5322 regulares
1329 5253 1358 5308 in
1374 5255 1495 5312 virorum
1508 5257 1662 5312 ordinibus.

994 5362 1019 5425 1.
1052 5362 1204 5425 Prolatus
1229 5365 1387 5443 regularis
1427 5366 1570 5448 legitime
1592 5369 1745 5436 constitui

955 5466 1070 5535 potest,
1087 5477 1144 5539 per
1155 5460 1411 5539 designationem
1430 5473 1462 5526 ει
1489 5465 1743 5532 nominationem

954 5559 1089 5622 Romani
1106 5560 1280 5639 pontificis.

993 5661 1036 5722 ll.
1052 5663 1111 5724 Per
1127 5662 1316 5728 electionem
1332 5665 1485 5732 canonice
1499 5667 1624 5734 iactam.

992 5764 1048 5827 lll.
1082 5763 1242 5828 Constitui
1279 5767 1393 5847 aequit
1422 5785 1479 5848 par
1508 5768 1744 5838 haereditariam

955 5861 1205 5943 successionem,
1236 5883 1295 5932 nec
1318 5883 1375 5947 per
1401 5869 1519 5934 arelati
1556 5871 1743 5938 decedentis
