4046 6460
118 427 177 496 idi

118 553 218 616 supra
233 556 308 604 suas
325 543 491 621 subditas,
509 545 593 610 sicut
618 550 734 614 babent
756 561 903 632 parentes

117 638 311 715 srrperiilias
334 657 420 716 suas,
433 645 533 722 possit
556 647 801 713 irritareeamm
821 663 905 726 vota,

117 737 188 802 sire
204 739 244 802 de
269 758 303 803 re
319 749 609 825 supererogatoria,
625 749 695 812 sire
714 751 754 814 dc
769 769 803 815 re
820 752 903 816 circa

117 838 270 916 regulas;
284 848 315 903 et
333 842 391 905 bac
410 843 533 908 etiamsi
552 857 662 912 notum
677 849 774 914 luerit
801 858 902 914 trans-

116 937 217 998 eundi
229 939 266 1000 ad
278 939 468 1004 strictiorem
478 945 678 1024 religionem,
695 958 729 1013 ut
746 958 900 1014 tenent...

115 1035 251 1103 multia..
274 1061 288 1096 r
312 1041 354 1121 (S.
374 1042 536 1121 Lraoaras,
549 1045 606 1108 lib.
624 1067 666 1121 rr,
687 1067 719 1112 n.
739 1050 801 1130 53.)
879 1089 883 1096 ·

156 1138 273 1201 «Vota
298 1140 492 1205 novitiarum
521 1161 586 1208 non
612 1155 715 1226 potest
743 1148 901 1212 abbatissa

114 1232 253 1311 irritare;
266 1239 321 1300 sed
338 1247 459 1304 tantum
474 1246 669 1323 suspendere
682 1265 791 1311 earum
807 1266 902 1312 exse-

114 1331 292 1409 cutionem,
306 1335 336 1396 si
349 1337 528 1416 probationi
540 1339 716 1406 alliciant...
730 1343 773 1426 (S.
786 1346 909 1410 chcc·

113 1426 196 1490 lota.
217 1447 250 1492 n.
266 1431 329 1514 55.)

153 1527 191 1588 V.
205 1529 321 1609 Nequit
332 1533 548 1611 superiecisse
562 1536 751 1618 dispensare
767 1540 802 1603 iu
815 1542 898 1605 rotis

112 1641 246 1690 suarum
262 1629 464 1708 monialium,
475 1651 534 1698 uec
551 1636 585 1698 in
602 1635 897 1717 legibrrslicclesias,

111 1726 214 1788 uerin
229 1727 442 1795 observantiis
461 1735 677 1813 regularibus,
693 1738 769 1816 quia
784 1737 899 1804 sobac

111 1824 290 1904 requiritur
316 1837 455 1908 potestas
479 1832 761 1913 iurisdictionslis.
790 1841 897 1904 Potest

109 1932 216 1989 tamen
240 1933 455 2010 superiecisse
476 1933 646 2000 declarare
668 1937 721 2004 hic
751 1947 782 2003 et
811 1959 897 2006 nunc

109 2026 294 2107 religiosam
316 2048 379 2097 non
395 2035 497 2098 teneri
519 2036 578 2100 hac
593 2037 642 2102 rel
670 2037 727 2102 illa
755 2040 896 2122 regulari

108 2125 325 2194 observantia.

147 2227 202 2289 lli.
223 2229 342 2310 Nequit
366 2231 583 2311 superiorissa
608 2238 769 2303 extraneis
790 2240 894 2306 liceu-

107 2321 184 2384 tiam
210 2329 389 2392 concedere
419 2334 651 2398 monasterium
675 2336 891 2418 ingrediendi.

144 2424 217 2489 vll.
233 2429 340 2492 Potest
363 2433 581 2514 superiorissa
603 2437 799 2504 monialibus
823 2442 892 2504 suis

102 2523 251 2591 indicere
261 2539 362 2594 certas
371 2549 482 2610 preces
495 2537 686 2615 recitandas,
700 2557 757 2620 pro
768 2542 891 2618 amicis,

102 2625 365 2695 benefactoribus
384 2643 438 2698 aut
454 2637 629 2703 similibus.

143 2727 230 2792 vlll.
256 2729 375 2811 Nequit
394 2735 610 2812 superiorissa
633 2737 789 2804 moniales
815 2757 891 2805 suas

102 2824 260 2904 obligare,
276 2837 309 2894 ut
324 2830 527 2926 ireque'ntius
542 2845 597 2899 aot
613 2837 721 2904 minus
736 2838 890 2922 frequen·

103 2933 150 2988 ter
160 2943 282 2992 sacram
292 2936 552 3000 communionem
567 2937 695 3004 iaciant.
707 2941 890 3025 (Colligitur

101 3042 142 3087 cx
160 3043 233 3108 cap.
249 3031 298 3106 1⁰,
318 3050 399 3098 sess.
423 3037 463 3098 25
479 3039 640 3117 Tridentl
660 3043 776 3122 Nequit
792 3048 889 3109 ctiam

100 3142 319 3219 srrperiorissa
334 3149 536 3230 monialibus
551 3153 621 3216 suis
638 3155 766 3234 publice
785 3159 889 3222 bene·

99 3236 222 3313 dicere,
252 3242 329 3322 quia
355 3249 537 3311 necessaria
562 3257 610 3313 cst
626 3253 663 3314 ad
690 3252 722 3314 id
749 3261 887 3332 potestas

97 3333 237 3398 clarium
247 3359 256 3410 ς
268 3347 299 3401 ot
314 3348 417 3419 potest
430 3345 576 3423 priuatim
588 3363 626 3410 eo
651 3349 746 3411 modo
757 3366 822 3430 quo
834 3371 888 3430 pa·

96 3438 208 3493 rentes
218 3433 292 3497 liliis
305 3437 376 3498 suis
390 3439 494 3519 solent
508 3439 703 3507 benedicere
728 3446 883 3526 (Francia.

96 3525 187 3589 verb.
203 3529 380 3605 adlatura,
396 3535 459 3615 68.)

137 3631 258 3708 Nequit
274 3632 368 3694 etiam
381 3635 567 3713 predicare,
583 3637 610 3700 si
630 3640 790 3718 agaturde
801 3657 884 3720 prm·

94 3729 258 3794 dicatione
275 3733 406 3811 proprie
428 3735 528 3811 dicta;
547 3737 636 3818 quod
655 3749 762 3802 autem
783 3758 884 3820 supe·

93 3827 230 3892 riorissa
246 3830 487 3909 exhortationes
502 3836 535 3898 in
551 3838 693 3917 capitulo
709 3839 748 3902 ari
764 3842 884 3905 monia-

93 3926 142 3987 les
154 3944 231 4106 sua)rs
245 3929 369 4006 babeat,
386 3930 559 4015 nuilojura
575 3936 773 4017 prohibetur.
784 3937 879 4022 (lota.

92 4043 125 4088 n.
142 4027 193 4088 aa.

393 4191 506 4250 occur
524 4191 586 4270 xx.

128 4323 168 4378 De
182 4331 311 4392 potestate
326 4328 465 4384 coercitlaa
482 4330 647 4401 reperierant
667 4331 841 4404 regularium.

86 4457 101 4528 i
120 4455 141 4512 L
158 4489 195 4498 -
215 4457 308 4533 Qualis
324 4469 352 4515 ct
368 4470 469 4531 quanta
489 4464 526 4526 sit
537 4465 683 4522 coercitirra
698 4477 818 4538 potestas
833 4485 880 4526 su·

320 4533 457 4601 periurum
474 4535 652 4607 regularium.

127 4657 256 4718 Certum
273 4663 321 4718 est
336 4659 560 4738 superioribus
577 4663 778 4742 regularibus
793 4683 879 4731 com·

86 4759 198 4828 petere
236 4751 377 4832 aliquam
424 4763 611 4832 potestatem
647 4763 874 4829 coercitivam.

86 4847 241 4926 (Susura,
261 4851 491 4931 occultamus,
522 4861 599 4918 tom.
623 4857 674 4929 lv,
697 4868 786 4922 tract.
808 4881 876 4938 vrrr,

86 4943 143 5004 tib.
176 4962 211 5018 rr,
237 4961 264 5007 c.
283 4947 314 5021 9,
339 4964 372 5009 n.
400 4948 443 5027 t.)
469 4951 703 5031 Explicandum
731 4973 806 5020 vcro
830 4964 877 5021 est

84 5040 194 5118 qualis
214 5050 245 5103 et
262 5051 380 5120 quanta
396 5047 449 5107 sit.

352 435 449 500 PARS
465 439 523 501 111.
543 439 591 502 ull
608 441 942 520 auusoNts,-l.1u.
961 449 1043 514 llll.
1062 455 1111 516 DE
1127 457 1411 542 modenulam,
1428 467 1505 531 aad.

1695 477 1749 545 282

961 563 1131 640 exemptis,
1145 569 1332 644 superiores
1343 588 1490 641 coarcere
1504 591 1672 662 nequeunt
1682 587 1746 652 nisi
1857 600 1861 615 ¹

960 657 1056 721 mado
1072 670 1205 740 paterno
1220 669 1355 747 etjrrxta
1373 675 1528 754 regulam.

996 757 1050 820 lll.
1088 783 1103 818 a
1139 765 1262 828 Prmlati
1290 787 1367 832 vero
1397 776 1562 855 regulares
1592 784 1743 848 ordinum
1781 833 1782 836 ,

956 865 1177 934 exemptarum
1215 874 1404 942 potestatem
1437 877 1641 943 coercitirram
1673 885 1744 964 epi-

954 956 1117 1032 scopalem
1132 959 1290 1030 babent...
1307 967 1416 1050 (idid.)

955 1093 970 1168 5
990 1095 1023 1154 ll.
1038 1098 1125 1158 -lle
1140 1102 1299 1164 extensione
1322 1115 1462 1180 potestatis
1491 1121 1647 1180 coercitivae
1673 1141 1744 1197 prm·

1193 1175 1311 1232 latorum
1327 1183 1502 1252 regularium.

990 1303 1017 1365 l.
1036 1305 1185 1370 «Prolati
1201 1313 1379 1392 regulares,
1391 1325 1421 1380 ει
1434 1327 1601 1398 generales
1617 1336 1648 1392 et
1664 1347 1740 1412 pro·

951 1402 1123 1482 vinciales,
1141 1417 1171 1473 et
1189 1413 1285 1475 etiarn
1310 1417 1430 1495 praelati
1448 1420 1565 1488 locales
1584 1445 1644 1491 seu
1660 1447 1737 1495 con-

951 1505 1129 1581 ventuales,
1146 1519 1340 1591 potestatem
1356 1518 1477 1583 habent
1494 1524 1642 1591 subditos
1661 1549 1738 1596 suos
1804 1531 1806 1536 ’

949 1608 1121 1670 coercendi
1158 1628 1217 1689 per
1253 1633 1465 1700 quascunque
1507 1623 1738 1694 ecclesiasticas

948 1717 1115 1782 censuras,
1135 1711 1307 1790 qumjuste
1322 1728 1460 1795 possunt
1475 1720 1508 1784 in
1528 1723 1583 1786 tali
1606 1729 1738 1794 materia

947 1818 1007 1866 seu
1022 1805 1157 1872 crimine
1176 1814 1324 1890 personis
1343 1815 1489 1898 imponi3
1516 1825 1612 1888 modo
1631 1833 1737 1894 tamen

947 1897 1028 1979 ipsis
1044 1904 1177 1970 facultas
1196 1909 1346 1993 bmcjrrre
1371 1920 1555 1996 particulari
1578 1927 1629 1988 sui
1653 1931 1739 1991 ordi·
1847 1992 1849 1995 .

946 2001 997 2064 nis
1028 2020 1093 2067 non
1117 2005 1217 2072 luerit
1238 2011 1362 2077 sublata
1385 2024 1441 2080 aut
1466 2019 1611 2087 limitata.
1636 2025 1734 2106 (ibid.
1830 2049 1831 2054 ¹

945 2099 1082 2182 pilli.)
1515 2121 1518 2128 ’

983 2200 1024 2264 tl.
1043 2203 1171 2267 Certum
1187 2214 1237 2271 est
1254 2227 1319 2275 non
1334 2229 1428 2290 posse
1453 2219 1493 2281 ab
1506 2221 1587 2300 ipsis
1608 2241 1732 2304 poenara

943 2303 1056 2365 mortis
1072 2304 1214 2383 imponi,
1233 2328 1290 2373 nec
1310 2314 1461 2379 subditos
1481 2319 1611 2385 brachio
1634 2341 1735 2389 smcu-
1830 2309 1832 2314 ’

944 2401 1001 2463 lari
1023 2404 1163 2475 tradere:
1187 2423 1246 2471 nec
1268 2412 1435 2477 subditum
1463 2423 1500 2482 ad
1524 2423 1659 2486 membri
1675 2425 1734 2488 oli·

942 2503 1035 2582 cujus
1052 2507 1288 2573 mutilationem
1310 2513 1473 2581 damnare.
1593 2522 1596 2530 '

980 2603 1034 2667 ili.
1053 2607 1157 2669 Potest
1174 2611 1322 2689 prelatus
1335 2616 1524 2696 religiosum
1537 2622 1575 2686 ad
1587 2624 1733 2691 subeun-

941 2703 1012 2766 dam
1028 2705 1252 2787 flagellationis
1279 2731 1403 2793 poenam
1428 2719 1603 2801 damnare;
1630 2727 1727 2791 modo

940 2813 1046 2871 tamen
1063 2809 1234 2890 flagellatio
1245 2833 1309 2880 non
1326 2818 1529 2886 ministretur
1542 2825 1727 2903 perlaicum

939 2907 1142 2984 secularem:
1167 2915 1221 2976 sed
1251 2931 1307 2993 per
1330 2917 1496 2994 praclarum
1520 2921 1647 3000 ipsum,
1678 2925 1726 2987 vel
1797 2985 1798 2988 ,

938 3021 996 3082 per
1007 3005 1105 3067 alium
1124 3010 1181 3088 qui
1201 3011 1338 3074 clericus
1363 3013 1405 3076 sit
1423 3023 1454 3078 et
1471 3016 1513 3078 sit
1540 3019 1725 3100 religiosus.

938 3103 984 3184 (C.
1002 3105 1223 3170 Universr'tctis
1241 3108 1291 3186 at,
1308 3111 1353 3172 De
1372 3123 1453 3176 cent.
1468 3117 1631 3198 euroram.)

976 3203 1029 3267 lv.
1041 3207 1180 3269 Possunt
1197 3209 1318 3287 prelati
1336 3213 1502 3292 regulares
1513 3219 1729 3285 condemnare

936 3302 1126 3384 religiosum
1147 3307 1185 3368 ad
1203 3306 1419 3388 infligendum
1443 3313 1505 3376 sibi
1527 3316 1591 3396 ipsi
1615 3337 1729 3399 graves

934 3405 1151 3482 poenitentias,
1172 3416 1204 3469 et
1217 3425 1314 3488 opera
1333 3415 1412 3474 dura
1428 3422 1458 3474 et
1479 3415 1619 3494 abjecta;
1634 3418 1728 3480 illum

934 3502 1079 3581 relegare
1092 3504 1124 3565 in
1134 3515 1328 3569 conventum
1342 3510 1483 3591 aliquem
1498 3513 1726 3596 longinquum,

933 3609 1023 3666 extra
1045 3620 1135 3666 suam
1153 3607 1351 3684 provinciam
1374 3619 1405 3672 et
1439 3614 1588 3691 patriam;
1616 3615 1725 3693 ipsam

934 3701 1072 3778 plectere
1087 3704 1243 3768 diuturno
1260 3717 1291 3769 et
1304 3712 1400 3770 etiam
1413 3721 1569 3792 perpetuo
1586 3731 1725 3791 carcerc,

933 3803 1084 3864 eumdem
1110 3821 1153 3866 ex
1172 3806 1287 3870 ordine
1306 3809 1436 3888 ejicere,
1460 3812 1486 3871 si
1508 3811 1578 3892 ejus
1608 3806 1739 3878 delicta

932 3900 965 3963 id
979 3911 1173 3980 mereantur,
1184 3913 1259 3970 etse
1271 3907 1528 3990 incorrigibilem
1540 3912 1724 3992 irrubuerit.

933 4043 948 4118 5
967 4045 1015 4102 tll.
1030 4048 1119 4104 -lle
1134 4049 1222 4106 lorum
1245 4053 1377 4175 rqnanica
1401 4070 1549 4124 processus
1572 4057 1723 4115 criminalis

1138 4120 1210 4176 intra
1234 4136 1263 4176 re
1275 4122 1375 4194 igiosos
1389 4124 1511 4181 ordines.

970 4249 995 4310 l.
1014 4251 1117 4314 Locus
1135 4260 1264 4316 nonest
1281 4259 1447 4334 processui
1464 4257 1624 4322 criminali
1640 4276 1725 4340 quo-

930 4347 991 4413 ties
1007 4366 1096 4427 poena
1112 4353 1306 4431 imponenda
1323 4373 1389 4420 non
1408 4357 1533 4422 excedit
1549 4359 1725 4424 dominati-

929 4437 1000 4512 vum
1022 4451 1140 4529 praelati
1157 4461 1355 4529 potestatem.

967 4549 1157 4613 lintrem
1191 4553 1219 4614 si
1249 4553 1311 4616 tale
1342 4555 1383 4616 sit
1405 4555 1576 4634 delictum,
1591 4565 1633 4628 ut
1653 4557 1722 4621 im-

927 4649 1077 4726 ponenda
1095 4650 1202 4714 veniat
1218 4654 1324 4730 gravis
1347 4673 1452 4734 paena,
1478 4675 1552 4737 qum
1576 4658 1723 4722 domina·

928 4747 1025 4810 tinam
1044 4755 1232 4827 potestatem
1252 4756 1386 4816 excedat
1404 4753 1507 4838 (veriti
1531 4757 1643 4837 gratia,
1659 4778 1720 4821 ex·

927 4849 1188 4924 communicatio,
1205 4853 1390 4932 suspensio,
1404 4857 1519 4935 ejectio
1535 4858 1575 4920 ab
1590 4858 1719 4932 ordine,

926 4950 1112 5025 carcerario,
1137 4951 1322 5031 flagellatio,
1344 4955 1482 5033 privatio
1503 4957 1591 5020 vocis
1612 4966 1723 5020 actvm

926 5061 958 5116 et
972 5053 1132 5134 passivae),
1150 5062 1228 5118 tunc
1247 5055 1338 5120 locus
1363 5065 1413 5138 est
1430 5061 1595 5136 processui
1612 5061 1720 5122 orturi-

121 5141 148 5204 Ι.
175 5141 243 5204 asi
266 5144 385 5222 praelati
411 5147 574 5226 regulares
598 5160 707 5215 essent
733 5158 876 5217 tautum·
925 5153 992 5217 nali
1010 5172 1017 5212 ι
1037 5154 1151 5234 nequit
1177 5171 1294 5235 nempe
1322 5157 1474 5235 superior
1500 5157 1589 5221 lrisoe
1615 5159 1718 5236 poenis

81 5241 183 5304 modo
203 5245 408 5322 superiores,
435 5256 466 5310 ει
491 5249 538 5311 eis
559 5265 575 5313 a
599 5251 676 5314 sede
701 5254 876 5331 apostolica
925 5255 1092 5320 subditum
1117 5273 1278 5333 coercere,
1296 5258 1358 5320 nisi
1387 5265 1537 5338 tauquam
1558 5259 1658 5339 jrrdex
1688 5265 1720 5321 ct

82 5354 148 5402 non
159 5338 277 5404 luisset
288 5344 395 5408 addita
407 5347 603 5426 prelatio,id
615 5357 664 5412 cst
674 5351 873 5431 jurisdictio,
922 5363 1049 5420 ¹serrata
1077 5357 1220 5436 legitima
1239 5358 1346 5436 quoad
1363 5362 1528 5438 regulares
1544 5375 1717 5439 processus

81 5453 147 5500 nan
179 5450 311 5517 possent
327 5445 475 5510 sabditos
497 5465 663 5524 coercere,
683 5452 747 5514 nisi
778 5455 874 5517 modo
925 5457 1104 5521 criminalis
1125 5455 1242 5520 forma.

81 5545 217 5616 paterno
245 5549 277 5605 et
302 5543 394 5623 juxta
423 5548 543 5612 limites
571 5551 714 5628 uagata.
747 5553 802 5633 (lta
833 5571 872 5618 ex
962 5556 1078 5619 ltl.1n
1104 5555 1311 5634 processibus
1335 5557 1562 5621 criminalibus
1589 5558 1716 5638 regula·
1772 5645 1777 5656 Ι

79 5637 222 5715 Sararz,
249 5644 286 5704 l).
312 5645 427 5720 Bourr,
449 5647 495 5709 De
511 5651 588 5732 jure
611 5652 713 5731 requi.
735 5661 814 5719 tom.
829 5655 872 5730 ll,
925 5654 1012 5717 rium
1041 5653 1159 5718 sullicit
1183 5657 1304 5719 serrari
1329 5655 1464 5720 iormam
1486 5656 1606 5740 judicil
1633 5676 1716 5719 ram·

79 5755 112 5817 p.
130 5740 161 5810 a,
179 5749 257 5804 sect.
276 5745 307 5816 a,
325 5761 357 5825 p.
372 5745 457 5830 tot.)
922 5755 1030 5830 marii,
1047 5762 1079 5818 et
1094 5771 1227 5821 necessa
1248 5772 1313 5824 uon
1336 5765 1385 5822 est
1411 5758 1540 5838 procedi
1564 5759 1603 5824 ad
1627 5758 1714 5848 iuris

121 5841 161 5904 ll.
189 5865 203 5898 r
228 5844 266 5910 ln
294 5847 437 5914 virorum
469 5853 770 5934 congregationibus
801 5873 864 5922 uon
927 5854 1046 5936 apices.
