4004 6458
298 383 348 448 b'dl

297 513 360 566 pau
376 501 431 568 est,
448 500 669 562 transttcsiam
689 516 795 579 pacem
811 511 993 581 quarentes,
1009 498 1083 579 plus

296 599 437 661 timentes
465 595 654 678 majestatem
680 597 878 680 temporalem
908 599 1081 682 offendere,

296 715 389 776 quam
402 707 561 774 uternam,
576 697 688 762 talium
712 699 862 763 abusibus
885 717 949 761 nese
964 711 1028 763 tans
1044 707 1085 762 te·

295 811 386 865 suere,
400 811 492 874 quem
506 793 680 874 improvide
694 797 894 876 acquiescunt
910 797 991 858 sedis
1006 813 1084 873 apo·

296 895 416 958 stelicoe
437 895 628 958 auctoritate
648 914 702 957 test
718 893 844 959 lieentia
858 914 923 958 uon
945 897 1081 960 absente.

189 1051 198 1066 ,
297 995 421 1058 Deinde
450 993 595 1075 pontifex
624 995 807 1060 Bonilacius
835 997 910 1060 vttt
940 998 1084 1078 precipit

298 1112 450 1171 personas
482 1097 714 1162 ecclesiasticas
731 1113 788 1176 pro
810 1098 906 1160 rebus
931 1099 1001 1160 suis
1034 1098 1083 1160 vel

297 1196 513 1260 Ecclesinrum
528 1198 572 1260 nil
593 1198 680 1262 laicis
692 1199 817 1263 solvere
832 1199 949 1263 debere
961 1201 1083 1281 absque

298 1294 428 1358 licentia
445 1296 628 1377 apostolicae
639 1297 737 1374 sedis,
749 1297 810 1359 sub
823 1313 1017 1378 quocunqne
1029 1313 1083 1359 co·

299 1394 365 1458 lore
395 1396 512 1471 mutui,
542 1393 779 1470 subventionis,
809 1393 907 1471 doni,
937 1395 987 1459 vol
1018 1393 1082 1458 alio

295 1493 462 1574 quolibetc
479 1502 514 1560 nt
530 1495 625 1558 etiarn
645 1494 707 1576 ipsi
722 1495 794 1558 laici
807 1494 909 1558 tallias
924 1511 989 1558 non
1009 1497 1082 1559 cti-

296 1599 373 1672 gant
385 1593 435 1656 val
452 1593 620 1674 recipiant,
638 1610 699 1657 nec
713 1599 871 1674 occupent
885 1610 1082 1674 quocunque

184 1766 187 1770 ¹
296 1692 550 1774 mododeposita
569 1693 779 1758 ecclesiarum
797 1695 847 1758 vel
871 1710 1080 1773 personarum

297 1793 585 1858 ecclesiasticarum
610 1815 620 1857 s
636 1793 816 1874 singulares
834 1793 1081 1875 (ecclesiastices

298 1894 443 1974 praelatos
459 1899 489 1958 el
500 1895 580 1958 alios
596 1902 627 1958 ct
644 1895 742 1958 laicos
755 1898 976 1974 imperatores,
990 1909 1080 1975 reges

298 2001 330 2056 et
347 1992 428 2057 alios
440 1993 664 2075 quoscunque)
677 1992 940 2058 contrafacientes
953 2010 1080 2058 excom·

297 2092 449 2169 manicat,
469 2093 697 2157 universitates
720 2093 884 2158 interdicit
901 2115 910 2156 ε
926 2098 957 2156 et
972 2094 1012 2156 ab
1028 2092 1079 2156 his

295 2193 466 2256 sententiis
492 2195 582 2257 sotus
597 2209 677 2281 papa
691 2193 842 2269 absolvit,
867 2199 1079 2276 preterquam

293 2292 327 2354 in
354 2292 466 2356 mortis
495 2292 641 2358 articulo.
666 2327 705 2340 -
729 2293 825 2357 Eines
849 2293 950 2373 igitur
971 2279 1077 2356 tinus·

292 2393 435 2472 greditur
465 2393 591 2472 politica
622 2393 778 2466 societas,
805 2398 837 2455 et
873 2393 1074 2455 interdictam

292 2503 477 2572 potestatem
495 2494 555 2556 sibi
576 2504 720 2573 trsuspat,
749 2493 802 2556 ubi
821 2492 994 2558 Ecclesiam
1012 2509 1079 2556 sues

292 2593 423 2655 melitus
447 2592 600 2676 subjicere
625 2595 782 2667 servituti,
804 2612 926 2675 suaque
949 2593 1081 2657 submit-

293 2705 357 2755 tere
370 2691 498 2765 de'tinni,
518 2694 634 2758 tributa
663 2694 693 2758 ei
719 2694 841 2757 ratione
858 2694 1029 2757 lttndnrum
1046 2701 1078 2758 et

296 2793 486 2870 tvtaadiovum
503 2791 711 2872 imponendo.
726 2793 786 2856 Sed
798 2792 943 2873 apprime
960 2792 991 2855 id
1004 2807 1079 2873 pos·

292 2901 341 2955 set
356 2893 462 2957 civilis
482 2900 634 2975 potestas,
654 2900 686 2956 et
700 2911 807 2956 resera
826 2892 953 2956 baberet
965 2902 1077 2958 ancto-

292 2995 418 3059 vitatem
446 2995 478 3057 in
513 2994 687 3058 Ecclesiam
717 2993 840 3056 tatione
869 2994 1078 3074 borumpras·

292 3093 433 3169 diorum,
455 3096 482 3157 si
500 3094 567 3157 boec
582 3094 704 3173 abipsa
736 3092 911 3170 accepisset
940 3097 1078 3160 auctori·

293 3201 388 3258 tatem
405 3212 440 3258 ea
454 3195 641 3276 acquirendi
658 3213 695 3260 ac
710 3197 908 3277 possidendi,
926 3205 959 3259 nt
973 3202 1076 3276 patet,-

292 3311 370 3372 crgn
389 3309 453 3358 non
469 3313 485 3356 a
500 3293 629 3375 politica
644 3300 802 3375 potestate
815 3311 875 3358 nec
888 3310 906 3357 a
920 3295 1078 3374 maiestate

293 3394 471 3478 tempcrqli,
489 3396 545 3459 sed
563 3397 601 3460 ab
617 3404 731 3458 eterna
747 3397 907 3478 majestate
933 3396 1074 3460 Ecclesia

293 3495 373 3560 itanc
406 3495 531 3559 obtinet
558 3496 793 3560 auctoritatem.
821 3496 980 3578 Equidem
1010 3513 1074 3560 non

291 3595 478 3676 ignoramus
518 3596 600 3660 banc
638 3597 901 3661 constitutionem
948 3597 1075 3661 Bonita·

289 3697 330 3760 cii
345 3698 430 3768 Vlll,
458 3698 500 3763 ob
527 3697 674 3761 difficiles
694 3698 846 3776 temporis
867 3697 1076 3760 circumstan-

291 3797 351 3862 tias
365 3796 467 3862 inisse
481 3797 655 3878 primumn
685 3798 834 3880 proximo
854 3799 923 3880 ejus
949 3815 1076 3863 succes·

289 3913 362 3959 sure
377 3897 495 3959 Bened.
515 3897 560 3959 xt
578 3903 788 3976 temperatam
805 3905 836 3960 et
862 3915 937 3960 mcx
960 3899 1076 3962 asub-

290 4002 447 4074 sequente
469 3993 635 4059 Clemente
665 3997 836 4075 Vpenitus
860 3995 1041 4077 abrogatam
1065 4022 1073 4062 e

814 385 928 448 tttttts
946 377 1127 450 cbnoutct
1146 383 1410 450 COMPENDIUM.
1845 407 1887 476 532

1137 499 1183 561 dit
1200 519 1208 568 t
1225 498 1312 580 quod
1337 497 1468 580 quidem
1485 499 1645 564 mandavit
1669 501 1804 572 Christus
1826 531 1839 577 a
1879 555 1887 570 .

1135 597 1245 673 stolis3
1261 614 1333 661 nam
1351 598 1433 677 apud
1451 596 1564 662 ntattb.
1585 619 1617 676 x,
1645 601 1707 666 iet
1730 621 1805 688 seq,
1821 627 1888 688 post.

1134 713 1229 776 qnam
1245 696 1325 776 ipsis
1341 697 1476 760 dixisset
1492 719 1501 761 s
1516 698 1624 763 Nolite
1635 703 1890 782 possiderentuuu

1132 811 1230 874 eseqtte
1255 803 1431 872 necantem,
1463 811 1559 876 nequa
1578 801 1742 876 pecuniata
1764 805 1795 866 itt
1818 818 1890 872 scale

1133 890 1257 962 cestris,
1280 907 1346 952 aon
1354 906 1461 969 param
1472 891 1507 952 iss
1521 893 1572 954 cio
1587 893 1630 972 (et
1646 894 1678 956 in
1691 915 1720 959 vt
1738 899 1834 974 ilorci,
1854 908 1890 970 i:

1132 989 1195 1052 Nec
1207 993 1445 1071 poscentesque
1457 989 1536 1053 duas
1546 993 1681 1068 tunicas,
1692 1013 1785 1076 eaque
1796 1001 1891 1066 colea.

1133 1092 1892 1173 menta,cequecirqcm:Cbristuedatistinenan·

1134 1189 1198 1252 dati
1211 1191 1380 1268 rationem,
1394 1207 1510 1270 nempe
1523 1214 1531 1256 ε
1544 1191 1659 1274 atqcue
1670 1196 1892 1280 mimastcpera·

1135 1287 1207 1350 sius
1222 1288 1290 1351 cibo
1310 1307 1392 1362 seto,·
1407 1291 1499 1371 quasi
1515 1291 1661 1366 dixisset,
1675 1293 1777 1359 Nolite
1789 1304 1892 1381 tempus

1133 1403 1324 1453 consumere
1339 1393 1554 1471 comparando
1575 1394 1666 1456 vobis
1682 1401 1849 1464 necessaria
1861 1405 1890 1466 sd

1136 1488 1255 1552 victum
1273 1499 1304 1553 et
1319 1492 1489 1570 nutritum,
1507 1494 1590 1559 sicut
1605 1496 1659 1558 alii
1676 1497 1827 1575 immines,
1848 1508 1891 1568 sed

1134 1589 1345 1668 Evangelium
1372 1593 1542 1673 predicate
1562 1594 1646 1660 sicut
1672 1601 1804 1677 operarii
1830 1604 1891 1680 bei,

1133 1689 1190 1764 qui
1206 1689 1332 1753 curabit
1353 1692 1393 1756 de
1408 1692 1484 1758 cibo
1503 1699 1608 1758 vestro
1620 1715 1629 1770 ς
1640 1704 1673 1759 et
1687 1700 1769 1778 apud
1788 1701 1855 1766 Luc.
1866 1725 1893 1774 x,

1132 1798 1303 1869 postquam
1319 1791 1405 1855 idem
1422 1804 1617 1877 preceptum
1635 1798 1787 1873 dedisset,
1804 1801 1894 1866 lioni-

1132 1903 1192 1952 nus
1206 1889 1306 1963 addit,
1322 1896 1454 1956 versi:
1467 1895 1507 1958 Iu
1518 1897 1621 1960 ecdem
1634 1906 1738 1962 cutam
1748 1897 1830 1962 datae
1845 1921 1894 1964 uc·

1128 1997 1222 2064 stete,
1253 1990 1372 2054 edentes
1404 2002 1432 2056 et
1463 1995 1598 2060 bibentes
1627 2017 1697 2080 que
1723 2000 1805 2079 apud
1838 2002 1894 2066 illes

1129 2096 1222 2149 sunt:
1238 2087 1352 2169 dipnus
1367 2101 1412 2156 aet
1426 2095 1507 2158 enim
1521 2098 1689 2177 operarios
1701 2101 1828 2162 mercede
1840 2122 1893 2164 aaa.

1129 2186 1234 2252 Nolite
1257 2193 1394 2255 transire
1419 2194 1455 2257 de
1481 2195 1573 2260 dome
1598 2199 1633 2261 iss
1648 2198 1782 2262 domnas.
1810 2199 1846 2262 Et
1869 2203 1895 2264 itt

1128 2305 1341 2371 quassataeque
1359 2293 1515 2356 civitatens
1529 2297 1740 2372 intraveritis,
1761 2307 1789 2359 at
1813 2317 1894 2362 susee-

1127 2389 1234 2465 perisst
1260 2407 1326 2460 ecs,
1345 2391 1530 2456 manducate
1555 2414 1622 2476 quse
1638 2405 1893 2476 opponanturve·

1129 2487 1188 2550 bie.
1207 2489 1297 2553 Unde
1312 2491 1369 2570 qui
1384 2491 1594 2572 Evangelium
1613 2494 1786 2575 accipiunt,
1803 2503 1893 2559 tenen·

1129 2594 1182 2651 tur
1207 2589 1314 2654 cibum
1342 2599 1375 2654 et
1402 2601 1533 2673 potum,
1566 2596 1768 2666 vestimenta,
1792 2596 1891 2660 calcea·

1130 2695 1236 2752 manta
1255 2701 1286 2754 et
1301 2694 1411 2756 omnin
1424 2696 1603 2758 necessaria
1618 2697 1892 2774 evangelizantibus

1127 2788 1292 2868 praeberes
1308 2790 1385 2872 quia
1405 2790 1521 2873 diguus
1537 2803 1581 2857 est
1599 2795 1768 2875 operarias
1783 2797 1893 2859 nnccdc

1126 2906 1196 2950 sna.
1216 2889 1326 2964 Quoea
1353 2893 1493 2955 Domino
1518 2904 1677 2976 praecepta
1706 2897 1754 2959 sic
1781 2901 1891 2973 expient

1127 2989 1325 3070 Apostolus}
1342 2991 1414 3054 Cot.
1431 3011 1476 3064 tx,
1494 2995 1530 3056 ll
1551 3016 1560 3057 s
1579 2996 1616 3058 st
1630 3015 1691 3058 uos
1712 2997 1798 3060 cobis
1810 2999 1890 3077 spiri·

1127 3088 1227 3150 tucls‘a
1239 3091 1468 3164 seminavimus,
1480 3110 1623 3172 magnum
1634 3104 1682 3157 ast
1692 3097 1723 3159 si
1732 3116 1787 3159 nes
1800 3117 1892 3160 tarna-

1128 3187 1172 3252 lic
1185 3197 1289 3251 cestre
1303 3195 1500 3257 metamusi..
1515 3195 1608 3257 Vers.
1625 3195 1666 3258 tt
1681 3219 1690 3259 s
1704 3198 1755 3258 lta
1765 3189 1892 3259 Dominus

1127 3285 1287 3350 ordinavit
1301 3289 1343 3351 it's
1367 3291 1423 3369 qui
1439 3289 1644 3371 Econpclium
1660 3293 1893 3367 annuntiantis

1125 3377 1299 3466 Ecanpelic
1327 3389 1440 3453 cinere.
1460 3424 1496 3436 -
1519 3390 1610 3454 Unde
1639 3391 1840 3456 manilostunt
1856 3402 1892 3455 est

1125 3491 1213 3568 quod
1241 3488 1388 3553 cbristus
1404 3505 1468 3552 non
1495 3489 1664 3569 probibuit
1696 3494 1841 3572 apostolis
1861 3495 1891 3554 ds

1125 3587 1357 3667 temporalibus
1371 3605 1502 3663 curave,
1516 3589 1581 3652 nisi
1598 3590 1678 3671 quia
1692 3592 1778 3656 bona
1792 3597 1891 3671 tempo·

1125 3691 1203 3752 ralia
1226 3689 1306 3768 ipsis
1336 3691 1518 3754 necessaria
1547 3699 1639 3754 crant
1667 3691 1735 3754 illis
1755 3693 1889 3756 submini-

1125 3788 1253 3852 stranda
1284 3787 1324 3852 ab
1348 3788 1501 3852 omnibus
1521 3789 1752 3868 evangelizatis
1775 3793 1825 3873 qni
1848 3807 1891 3853 cos

1126 3888 1334 3968 recipiebant,
1347 3888 1422 3970 jure
1435 3890 1544 3969 operis
1566 3893 1742 3969 ipsiusmet
1756 3891 1890 3968 evangeli·

1126 3990 1273 4054 zationis.
1300 3989 1398 4070 Atqui
1419 3989 1561 4070 quilibet
1589 3992 1622 4054 in
1651 3993 1764 4073 aliquo
1779 3993 1891 4056 ticitcct

290 4095 345 4156 sed
377 4100 553 4173 utrumque
581 4094 686 4174 quoad
717 4109 827 4175 poenas
842 4100 964 4159 tantum
989 4098 1022 4160 in
1038 4115 1075 4162 en
1125 4089 1165 4154 de
1180 4107 1215 4154 so
1232 4091 1369 4153 honesto
1396 4089 1592 4167 ministerio,
1621 4091 1656 4154 in
1680 4093 1814 4156 alioruin
1837 4109 1890 4170 gra·

289 4197 479 4269 uontentas,
507 4209 573 4256 non
602 4211 677 4256 vcro
704 4195 811 4274 quoad
839 4197 1074 4276 expositionem
1125 4189 1200 4253 ilem
1228 4205 1378 4269 operans·
1408 4207 1448 4254 (ιι
1471 4189 1576 4271 ipsius
1604 4193 1717 4273 Operis
1736 4192 1841 4255 metito
1867 4199 1889 4252 at

288 4291 442 4355 doctrinm
468 4293 763 4357 contlesccudenter
793 4311 983 4362 concessum
1008 4308 1073 4374 estc
1124 4288 1298 4366 0¹580¹¹¹i⁸2
1321 4305 1384 4352 n0n
1412 4292 1600 4355 ⁸⁸0⁰i⁰¹fll⁰
1615 4291 1843 4370 ⁰⁰ss⁵e¹¹⁸¹¹j¹¹⁵
1860 4289 1889 4351 ll

288 4391 342 4451 sed
374 4391 494 4454 scimus
522 4391 619 4454 etiam
646 4392 789 4456 camdem
807 4394 1071 4460 constitutionem
1125 4389 1304 4453 mercedem
1333 4391 1442 4455 stricte
1467 4393 1693 4473 consequitur.
1710 4393 1890 4472 ErgnctEc·

286 4487 412 4568 integre
431 4490 612 4555 innovatam
625 4488 724 4555 inisse
740 4493 877 4558 absone
891 4495 935 4568 X,
952 4494 984 4558 in
997 4512 1072 4560 con·
1124 4490 1232 4566 etesia,
1251 4507 1324 4571 qua
1349 4498 1399 4554 est
1426 4492 1594 4573 operarius
1610 4475 1738 4558 sa'tutis.
1754 4494 1839 4571 digna
1853 4497 1889 4552 est

287 4589 362 4652 cilio
380 4591 520 4669 generali
535 4591 742 4655 Lateranensi
760 4612 792 4668 r,
806 4610 835 4657 c.
850 4595 1026 4658 statuimus
1040 4597 1073 4674 2,
1123 4590 1269 4655 mercede
1284 4608 1355 4669 sna,
1369 4598 1401 4654 et
1419 4590 1494 4672 jnre
1511 4593 1642 4672 proprio
1659 4593 1794 4655 naturali
1811 4599 1838 4654 ct
1850 4591 1890 4652 di·

288 4688 414 4767 septimi
432 4689 552 4752 decret.
572 4690 626 4752 lib.
642 4709 677 4764 ιι,
692 4692 742 4753 ιιι.
759 4709 795 4768 ιι,
808 4700 840 4755 ct
856 4696 1071 4758 confirmatam
1122 4691 1198 4754 vino
1222 4690 1318 4754 babet
1352 4695 1538 4771 potestatem
1556 4692 1739 4770 accipiendi
1770 4699 1799 4756 et
1828 4706 1887 4770 pos·

286 4789 390 4853 inisse
422 4789 527 4868 quoad
564 4807 671 4868 pmncs
695 4807 750 4868 per
778 4791 892 4855 concil.
925 4792 1070 4856 Trident.
1121 4791 1248 4858 sidandi
1265 4792 1349 4857 bona
1362 4791 1548 4873 temporalia
1564 4793 1626 4872 ipsi
1639 4793 1829 4860 necessaria.

286 4903 369 4953 sess.
396 4889 447 4960 22,
467 4905 535 4967 stup.
556 4889 606 4962 il,
631 4888 675 4949 tte
695 4889 821 4968 reform.
852 4887 931 4952 Item
958 4896 989 4952 et
1015 4909 1071 4954 ex·

287 4989 444 5072 pressius,
463 5007 492 5052 c.
516 4988 580 5049 Eos
595 4988 650 5068 qui
666 4989 697 5065 b,
724 4988 768 5049 lle
789 4987 945 5053 insuescit.
966 4989 1069 5053 eccles.
1175 4991 1235 5052 3⁰«
1254 4988 1394 5054 Ecclesia
1419 4994 1468 5052 ast
1481 4989 1619 5054 societas
1650 4990 1758 5055 totalis
1771 4999 1800 5055 ct
1813 5005 1885 5054 con·

285 5095 317 5155 in
334 5095 365 5156 6.
484 5083 486 5086 ’
1120 5091 1216 5172 pieta,
1241 5108 1258 5153 a
1286 5088 1429 5170 qualibet
1459 5088 1519 5152 alia
1539 5089 1766 5169 independens
1790 5090 1821 5152 in
1836 5102 1884 5150 suo

325 5191 383 5253 ttt.
405 5188 549 5250 Ratione.
577 5188 703 5252 Etenim
722 5189 761 5253 ab
789 5205 828 5253 so
852 5191 992 5256 Ecclesia
1016 5192 1069 5271 jns
1120 5204 1204 5264 esse,
1220 5201 1252 5253 st
1268 5189 1435 5254 exsistere.
1450 5189 1777 5271 Ergoetinsuojuva
1793 5187 1886 5269 acqui·

285 5291 382 5354 babet
409 5288 598 5370 acquirendi
611 5294 642 5353 et
657 5290 842 5370 possidendi
862 5310 878 5354 n
893 5293 1068 5374 quostiam
1120 5290 1210 5354 rendi
1234 5296 1265 5353 st
1284 5289 1483 5371 possidendi.
1501 5289 1656 5370 Alioquin
1672 5308 1737 5354 non
1753 5295 1833 5355 esset
1845 5288 1885 5350 in·

285 5391 381 5454 babet
395 5389 617 5454 anctoritatem
630 5389 819 5456 exsistendi.
830 5391 913 5470 Ergo
927 5390 1069 5456 Ecclesia
1117 5389 1303 5470 dependens
1313 5406 1332 5452 a
1344 5395 1442 5464 statu,
1457 5391 1513 5454 sed
1527 5389 1768 5456 absolutissimo
1782 5389 1884 5468 depen-

280 5493 354 5569 jure
371 5491 493 5564 divino,
516 5507 581 5554 non
603 5488 758 5586 bumana,
774 5492 869 5557 babet
896 5495 1069 5558 auctorita·
1118 5491 1211 5566 dens,
1227 5491 1254 5553 si
1269 5489 1390 5569 absque
1419 5491 1489 5571 ejus
1507 5491 1637 5556 licentia
1652 5509 1718 5556 non
1742 5496 1845 5573 posset
1856 5505 1883 5549 se

286 5596 349 5649 tom
364 5587 552 5666 acquirendi
568 5593 600 5652 et
618 5589 816 5669 possidendi.
832 5625 870 5638 -
886 5592 1068 5657 Possessio·
1118 5596 1310 5654 sustentare.
1325 5590 1421 5653 Nulla
1440 5591 1562 5672 quippo
1581 5599 1630 5656 est
1646 5591 1749 5672 major
1764 5590 1883 5655 servitu·

287 5679 351 5748 nes'
366 5685 517 5748 Ecclesia
541 5693 617 5748 sunt
627 5687 713 5766 justa
730 5691 945 5754 remuneratio
960 5693 1067 5770 operis
1120 5693 1158 5756 tis
1175 5692 1267 5767 ratio,
1284 5708 1379 5772 quam
1395 5693 1623 5758 alimentorum
1646 5702 1677 5759 et
1694 5689 1881 5760 sustentatio·

284 5785 370 5868 tqttod
383 5784 415 5846 iu
431 5784 923 5865 spiritualibusadministrandis
940 5790 1064 5873 inspon-
1120 5793 1170 5858 nis
1185 5793 1373 5870 necessitas,
1393 5801 1427 5858 nt
1445 5802 1528 5874 patet
1543 5814 1579 5862 ea
1606 5793 1734 5860 tumulis
1752 5801 1780 5858 et
1795 5791 1880 5854 servis

1962 149 1963 216 l

1962 241 1963 280 l

1962 309 1963 390 ι

1843 533 1874 595 po
