4004 6458
289 421 348 489 tid'l
802 400 921 468 tttttts
936 387 1120 462 mnostct
1139 384 1403 452 consenuisti.
1842 385 1892 448 geg

296 525 570 619 quodsittctuin
584 518 749 604 *judicium
763 515 963 586 ··deducatur,
982 518 1083 570 ‘educo
1124 497 1312 562 'stituatur2
1336 495 1491 577 majorem
1512 495 1622 556 autem
1646 507 1686 556 ex
1709 487 1776 554 solo
1792 488 1894 571 iudicis

299 635 478 704 recubitum
495 637 529 694 ut
545 627 627 692 adeo
641 637 738 689 causa
761 627 792 684 et
810 614 947 698 questio
970 610 1005 674 in
1023 607 1084 671 hoc
1134 597 1239 663 cilicio
1261 613 1325 661 non
1346 596 1455 661 habet.
1474 617 1490 654 ι

297 739 404 804 ⁸0¹¹¹m
430 732 599 802 diffefflmr
627 723 715 808 quod
741 735 836 834 ⁰³⁰⁸}
863 711 992 796 ΡΤθΡΓῑθ
1019 723 1085 822 {¹⁰¹¹
1137 715 1897 799 iVL-Quotlinterindictaquaedarnsintiurisnato·
1973 781 1974 828 1

1227 795 1304 862 ralis,
1320 795 1444 865 quasdam
1459 799 1562 858 eutem,
1575 788 1683 862 positivi
1702 789 1817 844 bomani.

297 946 385 1002 extre
408 934 502 998 iil-ud.
532 931 611 994 bitis
635 925 767 991 nomine
790 921 981 1002 plerumque
998 909 1087 976 venit
1177 911 1205 972 i.
1224 929 1239 965 e
1255 905 1422 984 Queritur
1439 920 1505 985 quo
1515 906 1590 983 jure
1605 901 1669 964 sint
1683 900 1900 984 introductaju·

297 1039 399 1111 aetio,
427 1050 490 1115 qua
507 1046 607 1095 causa
623 1035 836 1092 contmrersd
854 1015 1027 1082 deducitur
1052 1009 1087 1073 in
1138 1007 1347 1086 dicietltesp.
1360 1002 1571 1084 Origineliter
1583 996 1747 1079 suntjuris
1759 999 1898 1074 naturalis,
1973 989 1974 1052 l

293 1135 467 1218 iudicium,
481 1129 596 1195 sivein
609 1145 688 1200 rem,
708 1122 830 1188 sivein
847 1131 1015 1201 personam
1031 1111 1090 1176 sit.¹
1139 1108 1329 1183 formaliter,
1344 1109 1387 1170 ‘et
1412 1104 1519 1187 quoad
1543 1101 1761 1167 solemnitates
1781 1100 1856 1178 juris
1866 1105 1901 1166 ci·

297 1235 458 1300 Instantis
479 1231 623 1311 denique
648 1234 695 1290 est
714 1221 905 1289 exercitium
930 1213 1086 1286 actionis,
1138 1209 1225 1274 vilis.
1241 1242 1280 1256 -
1299 1208 1379 1270 Pers
1398 1209 1504 1286 primo
1522 1203 1705 1268 ostenditur
1718 1217 1757 1263 ex
1780 1202 1900 1264 necessi-

297 1336 386 1420 quod
403 1333 469 1397 litis
482 1328 716 1395 contestatione
732 1321 858 1401 incipit,
878 1324 910 1382 et
927 1309 1087 1396 usquead
1138 1315 1201 1372 tate
1220 1307 1353 1370 humani
1369 1307 1513 1386 generis.
1539 1306 1617 1368 Nam
1642 1318 1727 1380 saepe
1753 1302 1851 1363 evenit
1875 1312 1902 1365 ut

296 1433 491 1499 sententiam
513 1426 709 1492 definitivam
732 1421 838 1494 durat,
862 1415 1042 1478 sileretur:
1058 1407 1088 1472 si
1140 1411 1205 1474 duo
1227 1410 1312 1473 inter
1326 1426 1399 1472 sese
1411 1407 1623 1478 contendant,
1636 1401 1716 1484 quid
1729 1401 1809 1482 juris
1822 1403 1868 1481 sit,
1879 1413 1903 1466 et

297 1551 363 1600 non
381 1533 516 1604 feratur,
542 1525 668 1590 biennii
691 1529 747 1586 aut
771 1516 905 1583 triennii
926 1515 1033 1594 lapsu,
1057 1517 1089 1573 et
1139 1511 1248 1593 quivis
1266 1527 1380 1574 eorum
1395 1507 1567 1572 contendet
1578 1507 1633 1585 jus
1649 1501 1773 1567 trabere
1786 1503 1816 1565 in
1830 1520 1902 1566 suem

298 1634 394 1700 etiam
406 1631 453 1695 rei
463 1630 503 1694 ab
513 1618 860 1700 observationejudicii
870 1613 1088 1685 absolutione,
1138 1622 1261 1694 partem
1274 1634 1283 1676 c
1294 1627 1377 1691 opus
1388 1613 1499 1690 itaque
1515 1616 1593 1683 erat,
1611 1613 1646 1670 ut
1660 1612 1758 1678 esset,
1771 1605 1824 1684 qui
1837 1613 1903 1668 ortas

298 1736 339 1800 de
363 1735 438 1816 jure
459 1729 572 1794 saltem
599 1725 688 1788 civili
712 1721 762 1803 (td
788 1725 839 1782 est
865 1708 1087 1790 iustiniccco)
1135 1710 1328 1792 huiusmodi
1348 1726 1447 1787 super
1467 1707 1543 1786 jure
1566 1704 1668 1768 dubio
1695 1704 1902 1767 controversiis

299 1833 529 1914 exstinguitur.
546 1831 645 1891 Porro
660 1821 808 1905 questio,
823 1834 896 1900 qum
917 1809 1088 1894 injudicio
1138 1810 1291 1884 solveret,
1307 1819 1337 1872 et
1356 1811 1476 1888 cuique
1495 1807 1660 1887 jussuum
1677 1804 1827 1866 tribueret
1840 1824 1847 1864 ε
1859 1802 1904 1866 boc

300 1937 500 2016 disceptetur
527 1926 576 1992 vel
606 1921 777 2003 disceptari
804 1924 923 2000 potest,
948 1922 996 1978 est
1026 1914 1088 1976 du·
1137 1920 1247 1978 autam
1271 1912 1338 1974 lteri
1366 1926 1431 1974 nou
1458 1915 1581 1988 poterat
1601 1904 1642 1968 ab
1665 1903 1747 1983 ipsis
1768 1903 1904 1982 pertibus,

176 2081 180 2090 -
298 2037 394 2122 plicis
411 2029 552 2113 generis,
569 2025 644 2089 iacti
658 2030 689 2086 et
699 2017 946 2102 juris-Facti
960 2013 1088 2095 questio
1139 2013 1335 2078 nihilonim
1363 2018 1458 2074 rectae
1487 2007 1603 2072 rationi
1629 2007 1731 2084 megis
1758 2014 1905 2084 repugutt,

299 2145 360 2214 est,
376 2151 450 2200 cum
466 2133 506 2194 de
521 2128 615 2202 facto,
632 2125 671 2188 de
687 2139 753 2204 quo
774 2119 857 2183 iorte
879 2117 1022 2180 nondum
1047 2111 1089 2174 ii·
1140 2129 1237 2193 quam
1253 2111 1307 2192 jus
1324 2113 1471 2174 incausr
1491 2107 1621 2188 propria
1646 2105 1711 2168 sibi
1732 2105 1842 2168 dicere.
1856 2107 1905 2166 lie·

299 2244 390 2324 quet,
404 2234 455 2300 vel
470 2232 498 2296 si
514 2233 554 2295 de
569 2229 627 2292 hac
638 2227 772 2306 liqueet,
785 2221 826 2284 de
838 2211 1089 2282 circumstantiis
1124 2228 1230 2304 cesse
1246 2210 1346 2291 igitur
1363 2219 1441 2286 erat,
1461 2218 1497 2275 ut
1510 2209 1700 2274 auctoritate
1716 2205 1835 2287 publica
1847 2222 1906 2268 coc·

297 2341 371 2407 secti
388 2333 563 2419 quaeritum
579 2325 719 2408 exempli
736 2323 853 2405 gretia,
868 2317 943 2400 quis
964 2313 1088 2388 fecerit,
1139 2310 1329 2376 stitueretur
1350 2311 1527 2391 judicium,
1553 2309 1587 2371 iu
1613 2323 1680 2389 quo
1702 2305 1906 2368 dirimerentur

298 2440 483 2526 quomodo,
502 2449 568 2515 quo
593 2432 682 2504 loco,
705 2441 772 2508 quo
795 2431 952 2500 ternpore,
969 2415 1089 2498 quibus
1137 2411 1331 2492 huiusmodi
1344 2413 1430 2492 juris
1452 2411 1563 2485 dubia,
1583 2418 1614 2474 et
1633 2409 1722 2491 quod
1743 2423 1871 2486 equum,
1884 2413 1906 2470 et

297 2538 570 2613 circumstantiis,
597 2541 657 2597 etc.
683 2562 722 2576 -
745 2525 838 2590 Iuris
862 2521 991 2602 questio
1019 2523 1090 2588 est,
1136 2512 1261 2592 justum
1278 2520 1339 2588 est,
1369 2521 1473 2591 partes
1491 2511 1666 2576 referrent.
1686 2532 1701 2568 ι
1719 2509 1906 2586 (Scaurinum.

298 2643 430 2728 quando
448 2637 606 2722 queritur
623 2634 664 2697 de
688 2629 764 2693 lacti
789 2624 920 2698 merito,
948 2618 1035 2701 qtrod
1055 2616 1090 2680 in
1140 2610 1174 2673 in
1192 2609 1239 2672 tit.
1259 2628 1290 2683 12
1314 2611 1519 2693 Ditudl'vi'l'b
1546 2610 1642 2672 ΗΜ
1666 2605 1906 2686 meretrici.)

297 2761 340 2809 eo
363 2739 523 2815 consistit,
548 2743 582 2799 ut
601 2733 657 2815 jus
680 2729 761 2793 lacto
783 2734 867 2788 recte
890 2718 1088 2800 applicetur:
1140 2714 1297 2776 Preterea
1323 2716 1431 2776 omnis
1456 2712 1593 2775 societas
1608 2712 1664 2792 jus
1681 2709 1820 2773 naturale
1834 2709 1907 2770 hebet

298 2847 513 2924 interrogatur
525 2850 605 2917 ergo
620 2833 655 2896 in
673 2831 746 2899 hoc.
759 2843 800 2890 an
819 2823 854 2886 id
869 2821 957 2905 quod
971 2817 1090 2882 iactum
1140 2808 1907 2892 suamexsistentiamdclendendietpropnguardi

299 2953 370 3020 cst,
387 2942 465 3023 jure
487 2937 605 3002 iactum
620 2933 692 3007 sit,
712 2935 744 2992 et
767 2925 847 3008 quid
871 2923 911 2986 de
929 2921 989 2984 boc
1008 2919 1090 2981 iacto
1142 2924 1251 2980 contra
1266 2916 1453 2980 criminales
1470 2915 1619 2978 homines
1635 2915 1696 2995 qui
1710 2930 1777 2976 eam
1793 2913 1907 2975 subter·

299 3044 391 3123 leges
419 3035 611 3107 statuerint;
641 3027 782 3108 edempli
808 3023 920 3107 gratie,
942 3037 982 3084 an
1005 3025 1090 3082 recte
1140 3023 1213 3078 tunt
1230 3027 1261 3078 et
1276 3016 1443 3078 destruere
1458 3015 1710 3080 conentur..Sed
1726 3011 1906 3078 criminans-

300 3143 407 3208 Titius
431 3135 585 3203 occiderit
601 3131 725 3201 Caium,
744 3127 819 3190 etsi
843 3122 925 3190 male
953 3118 1089 3196 occidit,
1141 3123 1268 3196 queunt
1283 3117 1392 3196 puniri
1411 3115 1474 3177 nisi
1491 3117 1633 3194 legitime
1649 3124 1683 3178 et
1697 3124 1781 3178 recte
1794 3114 1907 3193 proben-

300 3259 365 3327 qua
381 3258 472 3322 pcene
489 3237 532 3302 sit
550 3230 783 3300 alliciendus.»
1142 3220 1206 3288 tur,
1231 3214 1318 3294 qnod
1345 3213 1413 3278 lieri
1443 3215 1557 3294 nequit
1586 3215 1714 3294 absque
1736 3214 1863 3291 judicio.
1879 3246 1908 3258 -

655 3397 662 3410 '
705 3394 738 3408 Η
1141 3315 1486 3395 Porscecurttiu'putet
1507 3335 1547 3379 ex
1569 3317 1908 3396 solemnitatibusg'udi·

450 3403 475 3477 Ti
492 3401 538 3459 ¹¹¹·
556 3396 915 3470 *⁰⁰1⁰d¹⁰¹⁵1'⁰²⁶⁵²³¹⁸·
1141 3418 1265 3481 ciorum
1290 3433 1373 3498 quas
1392 3417 1467 3498 jure
1496 3417 1586 3481 civili
1620 3418 1782 3494 inventas,
1807 3427 1834 3480 et
1851 3421 1907 3498 jure

341 3540 420 3604 «Ex
443 3522 1091 3616 dietisletiampatet(aitlt.Bouix,De
1142 3518 1298 3582 canonico
1332 3519 1427 3582 etiam
1462 3519 1501 3582 ad
1537 3516 1643 3582 iorum
1681 3519 1907 3583 ecclesiasticum

298 3641 442 3728 judiciis,
460 3644 539 3719 part.
555 3655 577 3712 r,
594 3651 663 3714 cap.
679 3635 708 3710 1,
722 3649 754 3712 p.
768 3630 830 3712 tt),
843 3625 948 3708 qualis
963 3623 1090 3703 proprie
1144 3619 1312 3684 translatas
1327 3629 1449 3686 constat
1468 3639 1508 3684 ex
1524 3623 1620 3685 variis
1636 3623 1780 3686 textibus
1789 3623 1909 3701 jurisei-

302 3742 346 3806 sit
357 3740 478 3821 judicis
497 3744 637 3818 potestas
654 3755 663 3795 ε
681 3732 865 3806 est'nempe
884 3731 1021 3806 potestas
1035 3722 1092 3802 ju·
1143 3721 1231 3798 vilis,
1247 3729 1277 3784 et
1293 3730 1359 3786 toto
1375 3722 1431 3785 lib.
1449 3741 1473 3784 ιι
1491 3724 1647 3786 Decrctol.
1669 3747 1684 3782 ιι
1702 3727 1765 3804 (lu.
1777 3724 1863 3802 ibid.)

302 3839 503 3908 risdictiouis
518 3835 616 3901 simul
633 3839 665 3896 et
682 3829 826 3910 imperii,
842 3845 901 3890 seu
917 3823 966 3906 (ut
981 3824 1092 3889 dicunt
1182 3821 1224 3883 ll.
1238 3843 1259 3876 ια
1277 3821 1418 3884 Dubium
1432 3830 1491 3897 est,
1508 3839 1654 3902 quenam
1671 3823 1706 3884 in
1725 3823 1848 3902 judiciis
1860 3823 1909 3884 sint

299 3936 501 4025 pragmatici)
513 3933 703 4018 jurisdictio
724 3929 856 4010 imperio
878 3927 989 3988 nicto.
1015 3925 1092 3986 Nam
1139 3920 1225 4001 J'uris
1242 3921 1407 3996 naturalis,
1423 3940 1496 4002 quae
1518 3923 1646 4002 positivi
1671 3920 1908 3999 bumeniiltesp.

304 4039 458 4124 primerio
492 4053 552 4100 seu
574 4031 801 4114 ‚principaliter
819 4027 926 4108 juder
957 4023 1094 4088 eflicitur
1142 4023 1230 4085 luris
1257 4024 1413 4086 naturalis
1437 4032 1514 4088 sunt
1544 4025 1656 4103 petitio
1674 4025 1802 4096 acturis,
1824 4024 1910 4084 citatio

302 4140 425 4222 aliquis
448 4155 506 4219 per
519 4143 718 4216 potestatem
737 4147 850 4196 causas
876 4123 1092 4208 cognoscendi
1145 4124 1205 4198 rei,
1225 4123 1370 4202 probatio
1385 4142 1517 4197 crusta,
1541 4125 1754 4206 ejusdemque
1769 4121 1908 4196 delensis,

303 4249 337 4306 et
348 4237 519 4322 jusquoad
531 4252 584 4300 eas
595 4232 741 4305 dicendi3
755 4248 827 4312 qum
841 4237 979 4307 potestas
989 4226 1095 4308 ,turic-
1145 4224 1268 4288 decisio
1284 4224 1406 4301 illius,
1437 4232 1468 4287 et
1495 4225 1664 4288 sententiae
1697 4223 1907 4304 pronuntiarint

304 4343 403 4408 dictio
415 4348 556 4402 vocatur.
568 4335 630 4398 Sed
642 4331 749 4395 inanis
762 4335 941 4393 remaneret
954 4333 1094 4410 potestas
1146 4323 1306 4386 namhoc
1330 4323 1369 4386 ad
1384 4323 1598 4386 substantiam
1617 4322 1735 4402 judieii
1758 4323 1908 4401 pertinent,

304 4445 384 4521 hee,
411 4439 476 4504 nisi
502 4437 535 4502 ei
563 4436 794 4517 adjungeretur
819 4439 850 4494 et
870 4430 1002 4506 facultas
1028 4427 1094 4488 vim
1144 4433 1177 4488 et
1194 4425 1268 4487 talia
1289 4433 1376 4499 sunt,
1393 4432 1427 4487 ut
1441 4424 1513 4486 sine
1535 4424 1710 4487 illiseausa
1733 4431 1909 4487 controversa

305 4544 478 4612 coactivam
493 4539 636 4620 aliquam
647 4532 811 4598 exerendi.
827 4533 964 4596 Necesse
979 4545 1094 4608 nempe
1146 4532 1243 4598 recte,
1259 4532 1290 4587 et
1311 4524 1371 4586 rite
1387 4524 1518 4594 discuti,
1537 4531 1634 4603 atque
1648 4522 1754 4586 decidi
1769 4526 1909 4601 nequeam

306 4652 357 4710 est
377 4650 418 4708 ut
436 4639 534 4704 simul
560 4635 662 4718 possit
680 4635 782 4716 judex
803 4640 907 4710 partes
928 4630 1037 4694 citatas
1064 4634 1096 4692 et
1147 4631 1279 4698 cetera,
1297 4631 1332 4687 ut
1357 4623 1456 4685 libelli
1483 4621 1614 4697 oblatio,
1644 4622 1711 4685 litis
1730 4618 1908 4688 contestatio,

207 4719 216 4732 ⁸
306 4724 407 4810 testes
422 4755 537 4822 cogere
551 4737 591 4801 ad
606 4734 867 4813 comparendum,
884 4746 1007 4794 necnon
1022 4743 1097 4792 sen·
1143 4723 1362 4804 juramentum
1389 4723 1576 4797 celumnim,
1611 4721 1717 4796 ierim,
1746 4713 1930 4784 dilationes.'

307 4845 426 4912 tentius
442 4853 518 4904 suas
539 4837 576 4901 ad
592 4831 841 4900 exsecutionem
857 4827 1026 4893 efficaciter
1039 4827 1096 4888 de·
1146 4825 1270 4901 satalia,
1300 4826 1534 4889 sententiarum
1562 4824 1731 4894 immuto,
1759 4832 1789 4886 et
1813 4819 1909 4882 similia

308 4947 445 5014 ducere3
464 4945 603 5020 potestas
614 4940 729 4998 autem
744 4929 913 4996 coercendi
931 4927 1097 5008 imperium
1148 4931 1226 4988 sunt
1236 4924 1322 5005 iuris
1338 4923 1468 5003 positivi
1482 4923 1636 4997 humani;
1652 4923 1730 5003 quia
1745 4937 1805 4984 nnn
1820 4934 1912 4984 neces·

308 5044 447 5113 dieitur;
473 5039 560 5102 unde
581 5051 693 5100 revera
715 5030 902 5113 jurisdictio
919 5031 952 5092 iu
971 5027 1096 5109 judice,
1148 5023 1286 5098 citatem,
1303 5022 1358 5086 sed
1375 5023 1610 5086 solemnitatem
1628 5025 1769 5102 sapiunt.

309 5156 346 5210 ut
361 5159 435 5208 vera
446 5142 488 5204 sit
504 5147 536 5203 et
551 5135 795 5210 nonderisoria,
808 5133 904 5196 debet
916 5127 1098 5193 necessario
1190 5147 1205 5183 c
1223 5125 1268 5188 Ex
1283 5140 1348 5206 quo
1364 5125 1534 5204 sequitur:
1549 5127 1579 5186 1·
1588 5125 1681 5200 Quod
1692 5138 1831 5187 summus
1842 5115 1911 5198 prin·

309 5261 382 5312 esse
398 5259 471 5306 cum
482 5235 741 5320 aliquoimperio
757 5233 939 5312 conjuncta.
953 5229 1097 5292 Dicimus
1151 5245 1238 5308 ceps,
1255 5227 1387 5289 omissis
1403 5227 1557 5290 omnibus
1572 5225 1839 5293 solemnitatibus,
1856 5216 1910 5280 solt

309 5363 380 5409 cum
393 5343 523 5423 otique:
537 5337 625 5419 quia,
643 5342 760 5399 attenta
773 5329 940 5414 judicialis
955 5329 1097 5409 potesta·
1148 5327 1224 5391 faeti
1241 5327 1371 5390 veritate
1388 5328 1542 5406 inspecta,
1566 5333 1606 5390 de
1626 5328 1720 5407 planu
1740 5324 1832 5406 possit
1847 5337 1909 5382 ceu-

309 5446 352 5521 tis
385 5443 541 5517 essentia,
562 5437 678 5502 sufficit
697 5455 734 5500 ea
753 5434 923 5500 coercendi
950 5431 1097 5506 incultas,
1150 5447 1216 5492 sam
1239 5445 1450 5509 cognoscere;
1474 5429 1547 5509 quie
1565 5429 1691 5509 legibus
1710 5424 1845 5508 positivis
1866 5435 1909 5478 so·

309 5563 383 5624 qum
397 5542 577 5606 necessaria
594 5546 642 5602 est
656 5538 694 5600 ad
704 5535 903 5617 iudiciorum
916 5532 1100 5614 expeditio·
1150 5525 1240 5591 lutus
1254 5535 1314 5592 est.
1342 5528 1494 5608 Sequitur
1513 5529 1545 5590 2⁰
1563 5527 1711 5590 eumdem
1729 5541 1815 5605 posse
1830 5515 1908 5582 elicui

311 5659 386 5714 nem
402 5649 434 5705 et
448 5639 682 5706 sententiarum
703 5634 959 5698 exsecutionem.
975 5634 1013 5694 Et
1028 5647 1097 5694 earn
1150 5645 1278 5692 causam
1307 5627 1355 5690 sic
1378 5627 1540 5708 delegare,
1567 5635 1601 5690 nt
1625 5645 1691 5691 eam
1717 5623 1856 5686 dirimere
1877 5617 1909 5676 de

288 5735 290 5738 ’
311 5743 443 5824 quidem
459 5737 627 5806 coercendi
649 5743 837 5816 potestatem
859 5731 975 5796 bebere
996 5732 1099 5812 judex
1150 5733 1258 5810 piano,
1275 5737 1306 5792 et
1319 5731 1391 5792 siue
1407 5729 1506 5810 sigum
1518 5729 1636 5810 judicii
1653 5729 1767 5812 possim
1785 5723 1851 5804 quis
1864 5733 1908 5796 per

309 5849 461 5910 versetur
486 5841 546 5907 boe
563 5837 633 5920 ipso
648 5837 733 5918 qttod
746 5835 846 5915 juder
864 5833 1008 5914 legitime
1020 5849 1100 5898 con·
1150 5832 1250 5898 alium
1267 5829 1372 5897 lacere
1388 5831 1464 5912 quis
1480 5837 1596 5912 potest,
1613 5829 1698 5911 quod
1716 5820 1907 5910 putestlecere
