4008 6460
101 371 145 438 Sl
322 377 417 440 PARS
434 379 491 440 lll.
513 381 560 442 DE
578 381 771 450 l’llllSONlS.
789 405 825 420 ···
842 383 917 448 tls.
931 386 1013 448 vill.
1037 389 1087 451 itti
1105 393 1388 471 adcomodans,
1408 396 1489 458 ETG.
1701 397 1749 460 82*

103 479 897 574 se,aitSctrmalzgrueher,etquoedsubstantiam
951 499 985 564 in
1003 506 1275 586 contemplatione
1292 525 1399 571 rerum
1411 505 1588 572 caelestium
1603 514 1634 570 et
1650 509 1739 582 diet.

103 599 222 665 suttm,
253 586 423 654 institurus
448 599 497 654 est
523 593 657 674 abipso
687 595 814 660 Christo
837 597 901 670 Da·
951 617 1062 666 narum
1085 621 1120 667 se
1152 615 1340 684 exercet,ut
1356 605 1530 686 religiones
1554 607 1753 672 monasticas·-

104 684 204 747 ffl5¹¹0
222 684 257 748 ''ss
280 701 360 750 ΠΜ
387 687 474 768 ledet
490 690 607 756 sivero
633 695 739 775 quoad
758 695 902 775 peculia·
951 701 1005 764 ss.
1021 703 1144 780 Basilii,
1161 707 1338 783 Benedicti,
1370 706 1536 782 bernardi,
1563 707 1737 783 brunonis,

105 792 230 848 remei
253 787 501 859 determinatum
524 795 900 874 modumvirendi,sire
952 809 1068 864 etc.-
1105 804 1216 868 Antioc
1242 817 1299 882 cst,
1333 825 1405 888 quc
1447 807 1670 887 principaliter
1703 824 1751 870 re-

104 885 270 964 fssr'lltlflme
288 888 447 969 originem
475 909 568 958 suam
591 896 686 960 debet
701 899 900 964 institutioni
951 907 1079 964 exercet
1093 901 1126 963 in
1144 903 1298 982 operibus
1319 904 1548 969 misericordie
1575 913 1643 968 tum
1668 904 1740 986 spi-

106 985 318 1054 Ecclesim..
340 1035 376 1058 ..
405 1001 527 1056 constat
560 1013 599 1060 ex
630 1001 729 1062 variis
757 1002 901 1066 textibus
952 999 1736 1084 ritualibustumtemporalibuscircaproaimum,

66 1108 73 1120 ·
107 1083 295 1167 Evangelii,
312 1089 589 1172 quihusChristus
604 1100 762 1176 Dominus
776 1103 817 1171 ad
841 1103 902 1167 tria
951 1098 1177 1180 ntrettgiones
1208 1101 1363 1166 militares
1401 1110 1434 1166 ct
1463 1101 1675 1183 hospitalarii.
1699 1135 1738 1150 -··

108 1185 253 1250 consilia
283 1191 467 1270 evangelica
494 1194 704 1274 observanda,
721 1203 804 1264 etad
831 1213 902 1268 rota
950 1200 1216 1280 dilectoresque
1233 1208 1402 1282 utramque
1430 1202 1582 1278 includit,
1614 1202 1741 1268 scilicet

109 1291 273 1360 perpetua
302 1285 342 1350 de
371 1287 438 1351 illis
470 1289 617 1358 iacienda
642 1295 824 1360 cohortatus
854 1305 902 1362 est
952 1299 1228 1374 contemplativam
1247 1306 1278 1362 et
1302 1298 1458 1372 activam,
1483 1302 1530 1366 uti
1561 1305 1637 1364 strat
1658 1299 1739 1365 reli·
1784 1337 1796 1358 .

107 1379 339 1450 homines...
360 1388 543 1453 Necinanis
557 1391 695 1458 iuithaec
711 1396 900 1474 cohortatio,
951 1398 1034 1478 giosi
1060 1400 1113 1461 ss.
1148 1398 1335 1480 Augustini,
1361 1397 1535 1473 Dominio,
1565 1399 1739 1474 arancisci,
1802 1427 1804 1430 ·

108 1479 173 1544 sed
196 1481 301 1546 eidem
329 1487 467 1576 apostoli
502 1507 617 1576 magna
651 1494 903 1574 promptitudine
951 1498 1114 1560 societatis
1128 1493 1296 1572 lesu,etc.

108 1579 289 1646 cticrrore
320 1585 467 1650 obsecuti
502 1599 575 1652 sunt
602 1609 609 1652 :
638 1595 725 1672 qood
756 1595 904 1660 ostende·
954 1642 960 1656 .
991 1599 1128 1678 insuper
1161 1598 1337 1678 religiones
1361 1597 1433 1661 alim
1461 1604 1538 1661 sunt
1562 1597 1741 1675 clericales,

110 1691 217 1758 runt,
255 1684 333 1748 dnm
355 1688 500 1751 omnium
537 1692 668 1756 nomine
701 1695 902 1778 respondens
953 1697 1024 1762 aliae
1037 1697 1252 1772 monachales,
1281 1696 1352 1762 aliae
1367 1697 1596 1772 mendicantes,
1623 1696 1742 1772 etalio

108 1781 345 1862 Peltussh’csse,
378 1788 484 1872 inquit
511 1789 637 1872 (Motth.
660 1812 728 1870 nx,
753 1795 819 1874 27),
844 1815 902 1859 uus
954 1797 1121 1860 militares.
1136 1830 1174 1842 -
1198 1795 1366 1860 clericales
1399 1794 1616 1876 principaliter
1652 1793 1739 1861 ordi·

108 1883 428 1966 reltqctmmomatc,
444 1892 583 1956 ctsccuti
594 1912 701 1956 sumus
714 1907 761 1968 tc,-
776 1898 903 1963 utadeo
952 1905 1069 1964 nentur
1089 1897 1129 1960 ad
1164 1895 1286 1960 cultum
1314 1896 1467 1961 diuinum
1486 1895 1743 1976 promovendum

111 1983 182 2062 ipsi
194 1984 290 2065 primi
301 1987 423 2051 luerint
436 1989 581 2070 religiosi
597 1994 677 2058 Nori
694 1997 903 2077 Testamenti,
952 2003 983 2060 et
1000 1995 1136 2060 salutem
1150 1995 1329 2058 animarum
1346 1991 1589 2071 procurandam,
1618 1995 1649 2053 at
1663 1985 1742 2053 tales

110 2090 402 2167 etconsequenter
432 2097 535 2156 status
565 2091 711 2173 religiosi
740 2096 903 2164 institutio
952 2103 1028 2161 sunt
1065 2093 1212 2160 canonici
1238 2093 1416 2174 regulares,
1447 2091 1589 2166 lesuitm,
1618 2097 1680 2152 etc.
1704 2122 1744 2134 -

112 2199 185 2248 non
207 2185 250 2249 sit
277 2189 424 2266 neritia,
452 2192 725 2270 quemadmodum
762 2194 907 2262 heretici
953 2193 1152 2263 monachales
1168 2189 1359 2254 ordinantur
1374 2192 1414 2254 ad
1431 2191 1528 2254 uitam
1548 2186 1744 2267 contempla·

113 2287 222 2349 nostri
242 2287 396 2367 temporis
413 2289 668 2358 criminantur.»
692 2295 773 2380 (niu.
793 2315 828 2360 nr
843 2299 906 2362 ne·
953 2293 1049 2356 trram
1066 2298 1098 2354 ct
1118 2288 1313 2363 solantem,
1328 2288 1407 2351 tetes
1436 2294 1512 2353 sunt
1527 2283 1742 2358 Benedictini.

113 2381 903 2474 crotalpartrntit.annitercpuluriduc,num.
954 2391 1200 2464 cistercienses,
1225 2387 1443 2462 carthusiani,
1479 2384 1741 2460 camaldulenses

113 2481 164 2563 3.)
185 2483 232 2546 lta
260 2484 376 2550 docent
407 2490 508 2553 sancti
536 2493 656 2569 Patres,
688 2497 904 2576 Augustinus,
954 2500 985 2553 et
1005 2487 1501 2571 hujusmodi-Mendicoleo,
1518 2503 1558 2550 ⁰¹
1589 2483 1740 2563 lililnoell

115 2580 353 2664 Hieronymus,
379 2586 472 2652 toan.
488 2585 652 2671 Chrysost.
670 2599 744 2667 etc,
775 2602 906 2658 sanctus
954 2610 1013 2658 sua
1040 2579 1246 2656 institutione
1284 2596 1502 2670 pracpcrtatem
1531 2604 1596 2654 non
1620 2593 1742 2652 tantum

116 2679 275 2760 Thomas,
290 2690 321 2748 et
336 2685 503 2768 Theolcgi.
954 2694 989 2757 in
1005 2691 1202 2774 particulari,
1229 2691 1285 2756 sed
1312 2689 1408 2753 etiam
1423 2689 1459 2752 in
1489 2687 1654 2760 communi
1682 2687 1741 2750 oh·

161 2785 289 2852 «ilinc
334 2795 421 2852 recte
450 2787 650 2854 concludunt
689 2793 907 2858 communiter
955 2800 1110 2867 serrant,
1156 2791 1245 2856 nulla
1281 2790 1411 2870 penitus
1444 2788 1529 2851 bona
1566 2783 1743 2850 immobilia

115 2883 281 2955 doctores.
309 2887 397 2968 qaod
427 2907 523 2954 verus
560 2898 592 2954 et
622 2892 782 2971 perlectus
803 2900 904 2963 status
955 2893 1169 2974 possidentes,
1198 2897 1354 2954 contentae
1382 2890 1424 2952 iis
1455 2887 1546 2962 solis,
1576 2885 1740 2968 quesnel

117 2985 296 3066 religiosus
320 2989 499 3054 secundum
521 2992 697 3058 essentiam
713 3009 787 3056 cum
802 2992 906 3057 trihus
955 2975 1177 3058 mendicantur
1190 2989 1370 3064 humiliter,
1387 2989 1435 3052 vel
1454 2989 1613 3052 donantur
1627 2983 1744 3048 libera:

115 3087 218 3150 dictis
238 3089 321 3154 votis
347 3088 410 3154 init
440 3091 588 3171 primoet
607 3092 790 3158 immediate
812 3077 909 3164 insti-s
956 3093 1041 3168 liter,
1058 3091 1109 3154 vel
1123 3091 1257 3154 honesto
1277 3088 1491 3170 acquiruntur
1519 3085 1625 3148 labore
1640 3091 1671 3147 et
1686 3083 1741 3149 itt·

116 3192 241 3252 tutusa
256 3187 382 3261 Christo
413 3189 563 3265 Domino,
591 3198 622 3254 ct
637 3208 676 3255 eo
699 3193 855 3259 invitante
874 3203 908 3259 et
956 3189 1090 3256 dustria.
1106 3211 1120 3244 u
1137 3190 1224 3268 (Arg.
1240 3204 1267 3251 c·
1281 3187 1373 3250 Exiit
1400 3184 1429 3261 3,
1445 3185 1488 3248 Di
1506 3184 1590 3248 vill·
1607 3179 1741 3262 ‘linbil-
1804 3201 1808 3226 ¹

118 3289 283 3368 hortante,
307 3291 414 3356 statim
428 3293 467 3356 ab
481 3292 577 3355 initio
600 3291 749 3356 Ecclesiae
769 3295 808 3356 ah
823 3295 908 3375 ipsis
955 3293 990 3359 itt
1008 3291 1080 3372 6...)
1100 3289 1190 3366 ¹Tales
1205 3287 1380 3369 religiones
1408 3285 1450 3348 de
1473 3285 1547 3366 jure
1579 3281 1742 3347 communi

116 3387 321 3468 apostolisel
344 3389 548 3452 aliishhristi
566 3389 738 3470 discipulis
755 3392 816 3454 luit
838 3412 907 3458 sus·
957 3387 1150 3472 approhare,
1179 3392 1256 3450 sunt
1296 3391 1447 3466 quatuor,
1478 3381 1601 3446 scilicet
1628 3379 1754 3460 religio.

117 3495 295 3567 ceptus,ut
316 3496 399 3568 patet
415 3488 561 3552 exdictis
583 3506 692 3569 supra.
721 3492 906 3556 Secundum
956 3488 1214 3558 Praedicatorum,
1249 3485 1423 3570 hlinorom,
1472 3483 1683 3544 Eremitarnm
1710 3480 1743 3540 S.

117 3593 229 3648 antem
255 3585 434 3666 peculiares
449 3594 480 3650 ct
495 3593 597 3650 certas
620 3588 748 3652 vivendi
778 3593 905 3680 regulas
957 3587 1131 3671 Augustini
1146 3594 1176 3650 el
1187 3582 1441 3678 carmelitarum.
1458 3580 1573 3662 (Terta
1589 3593 1748 3662 expresso.

38 3719 40 3724 ·
119 3681 292 3762 religionis
322 3685 509 3750 snbstantias
533 3703 590 3748 sen
616 3689 765 3752 essentias
794 3709 910 3770 super<
956 3687 990 3762 in
1006 3705 1034 3752 o.
1053 3683 1493 3766 Religionumdiccrsitutcm,
1519 3679 1606 3742 unic.
1634 3680 1744 3739 licro-

118 3781 245 3844 additas
271 3783 445 3876 (postg'am
475 3786 653 3848 institutam
668 3803 685 3848 a
698 3787 822 3850 Christo
845 3791 906 3852 Do·
955 3785 1076 3866 liplosis
1091 3783 1242 3858 domibus,
1259 3782 1292 3846 in
1309 3783 1353 3861 6.)

120 3881 212 3943 rnino
234 3881 417 3962 religionis,
447 3885 516 3949 sive
539 3886 685 3966 religiosi
701 3895 802 3951 status
824 3891 904 3952 suh·
997 3887 1121 3950 Dicitur
1145 3893 1251 3947 arrtem
1276 3889 1421 3946 notanter
1450 3899 1488 3944 cc
1510 3878 1661 3962 primeca
1685 3893 1744 3936 sac

118 3981 297 4065 stantiam)
323 3981 456 4050 fuerunt
486 4003 502 4048 a
531 3970 680 4064 perlectis
718 3997 749 4052 et
783 3989 904 4052 sanctis
956 3983 1342 4064 institutionc,qaiae1
1383 3979 1478 4044 variis
1513 3975 1743 4058 posterioribus

117 4080 347 4148 fundatoribus
369 4085 465 4147 sarire
480 4084 655 4164 religiones
687 4086 906 4160 instituisse
957 4082 1222 4148 concessionibus
1237 4097 1272 4143 ac
1298 4078 1478 4158 privilegiis
1497 4075 1694 4157 apostolicis,
1714 4073 1752 4134 ct'

118 4183 163 4245 ab
191 4181 334 4246 Ecclesia
368 4184 576 4264 approhatc3
603 4183 647 4247 ita
682 4192 718 4249 ut
754 4185 907 4266 quaelihet
957 4200 997 4245 ex
1013 4181 1215 4244 ordinatione
1230 4179 1361 4242 concilii
1384 4175 1577 4251 Tridentini,
1595 4192 1676 4237 sess.
1692 4174 1747 4248 25,

117 4297 233 4344 earam
260 4298 355 4346 snum
371 4282 543 4364 specialem
564 4283 675 4346 habeat
705 4282 906 4349 fundatorem
957 4282 1002 4343 Dc
1018 4281 1229 4361 regularibus,
1246 4296 1273 4343 c.
1287 4281 1319 4354 3,
1332 4293 1522 4341 concessum
1533 4281 1581 4338 est
1596 4273 1746 4337 omnibus

118 4398 182 4443 seu
202 4381 418 4447 institutorem
443 4399 452 4444 τ
476 4383 622 4463 quamvis
645 4383 731 4446 enim
759 4385 905 4447 Christus
959 4379 1185 4460 religionibus,
1200 4385 1262 4441 tam
1283 4377 1535 4456 virorumquam
1561 4372 1744 4444 mulierum,

119 4480 328 4560 religionem,
363 4499 423 4546 seu
447 4491 564 4548 statum
593 4483 784 4564 religiosum
812 4484 906 4546 insti·
959 4481 1054 4546 ctiam
1083 4479 1160 4542 olim
1185 4495 1260 4540 vere
1287 4471 1547 4539 mendicantibus
1566 4471 1645 4550 (sola
1672 4472 1746 4534 reli-

120 4578 222 4642 tuerit
251 4580 430 4644 secundum
459 4581 685 4656 substantiam
703 4582 906 4646 tamenacci·
959 4577 1169 4661 glonesancti
1199 4574 1360 4639 Francisci
1393 4571 1609 4636 Minorumdo
1637 4570 1748 4632 obser·

120 4680 265 4744 dentalia
294 4681 440 4762 ejusdem
465 4680 598 4760 reliquit
624 4683 777 4745 Ecclesiae
803 4683 908 4746 deter·
944 4681 1077 4754 -vantia,
1092 4685 1122 4742 et
1137 4675 1391 4757 capuccinorum
1418 4671 1559 4752 excepta)
1586 4671 1746 4734 bonaim·

122 4779 303 4854 rninaodar
339 4780 435 4844 sicuti
474 4781 622 4863 quamvis
654 4782 799 4846 Christos
838 4783 908 4864 ipse
961 4781 1106 4855 mobilia,
1135 4778 1381 4858 dominiumque
1422 4791 1528 4838 rerum
1567 4773 1683 4836 habere
1712 4773 1744 4834 in

120 4879 303 4945 instituerit
326 4890 524 4946 sacramenta
549 4881 655 4964 quoad
682 4872 909 4960 substantiam,
960 4881 1136 4957 communi,
1155 4880 1199 4943 ita
1216 4886 1250 4942 ut
1262 4877 1323 4941 soli
1338 4876 1413 4939 dicti
1429 4877 1571 4939 Minores
1585 4873 1625 4936 de
1639 4872 1748 4936 obser·

121 4988 230 5044 tamen
256 4971 464 5047 accidentalia
490 4998 603 5045 eorum
639 4981 772 5063 reliquit
796 4983 908 5046 Eccle·
961 4984 1079 5055 vantia,
1096 4989 1127 5046 et
1149 4979 1334 5061 Capuccini,
1349 4977 1394 5041 'in
1410 4976 1538 5058 propria
1565 4973 1747 5060 acceptione

122 5079 183 5144 sias
217 5081 472 5147 determinanda.
505 5081 557 5146 Sic
585 5083 766 5146 communis
801 5083 910 5146 docto·
957 5083 1041 5166 juris
1056 5080 1194 5163 antiqui,
1209 5078 1429 5143 Mendicsntes
1444 5076 1519 5139 sint.

124 5197 208 5244 rum.
223 5203 238 5240 s
256 5181 413 5262 [Fracta.
438 5183 526 5247 verb.
542 5180 722 5263 Religiones
736 5183 907 5262 regulares.
1001 5182 1187 5263 Religiones
1199 5180 1352 5242 militares
1367 5184 1526 5258 suntque
1549 5175 1583 5238 in
1596 5171 1747 5253 primario

122 5292 183 5346 Arl-
197 5282 226 5356 ¹·
243 5283 322 5345 ΜΒ
338 5279 446 5366 0115.)
963 5301 1031 5347 sure
1044 5280 1258 5345 institutionis
1273 5279 1336 5342 linc
1358 5275 1561 5356 potissimum
1596 5271 1748 5334 ordinan-

163 5383 216 5446 1v.
233 5383 314 5445 ilinc
332 5400 372 5447 ex
385 5383 569 5448 diversitate
581 5382 824 5448 accidentalium
860 5400 910 5445 re·
963 5393 1015 5448 tnr
1032 5385 1071 5448 ad
1091 5382 1293 5446 militandum
1321 5395 1379 5461 pro
1400 5376 1587 5441 defensione
1618 5372 1749 5453 religio·

122 5481 205 5563 ligio
230 5483 293 5547 alia
323 5491 370 5547 est
398 5483 731 5563 contemplativarum
754 5482 854 5546 activa
881 5489 913 5546 el
964 5481 1213 5548 nisChristianm
1236 5485 1268 5542 ct
1295 5475 1468 5549 Ecclesim3
1500 5484 1531 5537 et
1559 5471 1638 5535 tales
1672 5479 1749 5536 sunt

124 5584 189 5648 alia
219 5574 330 5658 mixta.
363 5585 587 5668 (Communis.)
604 5619 641 5630 „
666 5581 912 5661 contemplativo
965 5579 1268 5654 ordol'eutonicos,
1293 5575 1485 5651 Melitensis,
1501 5579 1532 5637 et
1555 5570 1752 5668 pluresalii.

125 5694 265 5768 estqurn,
280 5694 392 5768 prretcr
406 5687 640 5751 observantiam
656 5687 751 5750 trium
766 5691 912 5749 votorum
966 5679 1104 5746 Proiessi
1127 5681 1161 5743 in
1184 5679 1250 5743 illis
1265 5676 1479 5761 religionibus
1502 5672 1695 5736 militaribus
1715 5673 1749 5734 ln

125 5803 164 5849 cx
189 5787 338 5866 primmra
369 5805 426 5852 sna
456 5787 668 5863 institutione,
698 5787 914 5866 principaliter
968 5781 1098 5864 quihus,
1111 5787 1147 5878 ot
1161 5781 1193 5844 in
1208 5779 1325 5844 ordine
1336 5775 1465 5842 militari
1481 5777 1511 5840 S.
1528 5772 1660 5839 loannis
1674 5771 1748 5834 llic·
