4004 6458
102 385 152 452 biii
313 383 462 448 PARSV.
478 383 528 446 DE
547 381 725 446 inuictis.
744 382 870 448 ·-.t1u
890 385 978 448 xltl.
999 384 1048 450 DE
1067 386 1263 454 scelesta
1280 389 1512 456 POTESTATE.
1675 395 1730 464 808

99 511 136 566 ttt
154 501 199 562 itt
205 516 260 560 ore
277 496 413 560 duorum
439 497 489 560 oei
528 499 626 561 trium
665 498 791 560 testium
824 507 883 562 stet
940 499 996 578 qui
1027 503 1110 582 [orit
1144 513 1238 578 ruat,
1272 504 1356 566 Deus
1390 506 1563 586 judicabit.
1599 509 1729 592 Λημνία

99 597 353 667 cabanariam,-
377 612 452 660 ecoe
472 595 609 660 arbitros
638 603 669 660 et
695 577 794 662 testes'
828 599 887 680 qui
938 598 1053 660 mnium
1080 621 1120 664 ea
1144 603 1338 684 nobisipsis.
1362 607 1396 666 Et
1423 623 1492 686 cap.
1532 625 1574 679 vt,
1596 609 1726 691 lsoqq.

97 697 323 764 amtcabtlom
311 715 414 777 Jurgn
428 697 695 777 compositionem
712 698 802 776 prius
819 715 890 778 per·
939 698 1080 779 Corripit
1104 703 1287 768 Corinthios
1320 710 1408 788 quod
1434 708 1562 788 judicio
1592 718 1729 778 conten-

95 810 221 867 tenlsre
247 801 377 865 debent.
401 800 494 876 Quod
517 797 546 863 si
566 819 631 862 aon
661 799 799 864 audierit
822 820 886 878 cos,
939 804 1051 864 dorent
1067 820 1172 868 corant
1199 806 1310 887 J‘ndice
1332 809 1462 872 ethnico
1480 831 1488 871 ε
1504 811 1625 900 ¹Audet
1667 813 1730 874 eli·

96 900 149 966 dic
172 902 349 974 Ecclesia:
378 918 452 965 cccc
473 900 615 964 tribunal
649 910 680 965 el
704 903 887 982 J'udexau-
938 901 1008 978 puts
1051 917 1189 966 oestrum
1229 907 1344 972 babent
1385 913 1549 990 aspeliam
1576 911 1728 976 adsersus

95 1005 276 1068 ctos-itatem
292 1001 414 1065 habens
427 1001 643 1082 cognoscendi
660 1009 693 1066 et
714 1001 886 1066 decidendi
937 999 1083 1077 altarum,
1119 1007 1267 1087 judicari
1301 1011 1388 1090 opud
1415 1013 1554 1092 iniquos,
1592 1023 1621 1076 et
1662 1033 1728 1076 noa

94 1121 238 1179 causant,
282 1109 314 1167 el
347 1101 542 1166 sententiam
582 1102 781 1181 proferendi,
813 1103 889 1166 nam'
937 1106 1024 1186 apud
1052 1108 1269 1172 anactosidtt
1294 1113 1422 1174 nescitis
1442 1117 1589 1193 quoniam
1620 1117 1727 1180 suncti

93 1207 123 1268 ti
147 1204 434 1267 aalmancimicm
448 1223 513 1266 aon
534 1204 673 1267 audierit
705 1222 779 1270 ecco
807 1223 885 1268 sen·
937 1203 974 1266 dc
998 1207 1055 1268 boc
1075 1207 1190 1269 mundo
1207 1208 1431 1290 judicabant?
1448 1214 1491 1276 h't
1512 1216 1592 1278 siin
1628 1216 1717 1278 ondit

94 1305 243 1380 lentiam,
268 1304 387 1368 tillidi
423 1306 507 1366 sicut
542 1307 683 1368 ctbaicstt
724 1313 753 1367 cl
779 1305 888 1385 publi·
929 1305 1132 1387 judieobilnr
1170 1309 1315 1385 mundus,
1347 1312 1473 1392 iadipni
1508 1318 1582 1378 estis
1604 1318 1660 1397 pai
1689 1316 1727 1378 da

93 1425 206 1481 tanus,
243 1422 321 1470 ecoe
350 1406 520 1470 sententias
574 1406 817 1471 exsecutionem
854 1412 886 1470 el
936 1408 1074 1471 minimis
1079 1409 1538 1492 judicetitl...Sccclarloiid
1551 1417 1727 1498 estcirilia)

93 1525 236 1586 paenam,
279 1525 415 1588 eamque
472 1507 708 1589 gratissimam,
760 1507 885 1572 scilicet
936 1513 1039 1591 ipilur
1061 1513 1231 1594 judiciati
1250 1513 1437 1589 habueritis,
1476 1519 1726 1599 comtemptibiles

92 1608 351 1686 amputationem
379 1625 398 1671 a
438 1625 575 1687 corpora
614 1607 777 1682 molesia,
825 1625 885 1672 seu
935 1614 991 1693 pai
1019 1622 1093 1675 tuat
1118 1616 1154 1678 t'tt
1179 1616 1333 1689 Ecclesia,
1369 1615 1443 1679 illos
1461 1617 1647 1680 constituite
1685 1618 1728 1682 cd

91 1707 253 1786 spiritalis
289 1724 379 1786 poena
408 1709 565 1788 capitalis.
593 1710 662 1771 tam
690 1707 884 1786 ergoinbis
928 1713 1435 1794 judicandum....Ertronedum
1461 1725 1650 1797 potestatem
1674 1722 1728 1799 J'n·
1802 1787 1804 1792 ,

91 1809 239 1873 textibus
258 1810 454 1873 exteriorem
487 1808 694 1887 jndiciariam
733 1810 887 1874 Ecclesia
936 1815 1101 1878 diciariam
1128 1833 1147 1878 a
1176 1817 1385 1880 sacularibus
1406 1817 1608 1897 principibus
1642 1818 1729 1882 obti-

91 1916 299 1989 polostatem,
325 1909 391 1972 imo
419 1914 451 1973 el
492 1909 649 1991 integram
674 1909 793 1989 jndicii
829 1927 884 1973 ec·
936 1915 1045 1980 nuerit
1060 1918 1213 1994 Ecclesia,
1240 1935 1280 1982 ne
1302 1918 1436 2000 quidem
1462 1919 1532 1982 vult
1551 1919 1729 2000 apostolus

91 2008 270 2072 clesiaslici
314 2008 560 2073 substantialem
607 2008 743 2072 sormam
789 2007 884 2074 laclia
936 2021 972 2082 nl
997 2015 1349 2082 Christianistecnlaria
1380 2034 1441 2080 seu
1466 2017 1576 2080 civilia
1600 2019 1728 2100 J'ndieia

90 2117 142 2172 est
183 2107 442 2188 deprehendero.
483 2110 605 2188 Nempe
631 2115 743 2185 testes,
766 2108 882 2189 judex,
935 2113 1074 2178 habeant
1113 2131 1219 2178 coram
1246 2115 1415 2194 judicibus
1448 2115 1632 2189 extraneis,
1668 2115 1725 2178 sod

89 2216 271 2286 accusator,
300 2219 387 2285 rens,
414 2225 519 2273 cansa
537 2207 690 2289 cognitio,
710 2209 883 2286 sententia,
932 2214 1075 2295 jubetut
1110 2231 1166 2294 per
1190 2211 1437 2293 contemptibiles
1480 2214 1536 2292 pul
1574 2222 1650 2276 auat
1690 2215 1728 2278 itt

90 2319 125 2372 et
145 2311 312 2374 coercitio.
935 2313 1079 2376 Ecclesia
1094 2312 1295 2394 judicentur.
1320 2314 1516 2391 Expresslns
1546 2331 1610 2376 non
1634 2321 1727 2394 pote-

132 2412 198 2489 lpsi
217 2411 355 2492 apostoli
370 2410 467 2492 hujus
491 2410 662 2475 exterioris
699 2409 883 2492 judiciaria
935 2423 983 2477 rat
1023 2413 1176 2478 Ecclesia
1213 2420 1402 2492 potestatem
1437 2413 1644 2494 iudiciariam
1686 2414 1730 2478 ab

90 2513 261 2590 potestatis
292 2529 388 2574 usum
413 2519 469 2576 aut
496 2511 680 2576 comminati
711 2520 799 2582 sunt,
833 2511 883 2576 uti
935 2514 1024 2578 omni
1069 2520 1227 2594 potestate
1258 2513 1405 2576 seculari
1450 2513 1727 2596 independentem

90 2613 215 2675 Paulus
240 2612 271 2674 ll
294 2611 335 2674 ad
371 2612 534 2687 domur,
570 2611 624 2701 2:
655 2611 809 2685 Prodici,
853 2619 884 2672 ct
935 2617 1166 2682 demonstrare.
1195 2619 1274 2680 item
1297 2617 1416 2680 direxit
1439 2617 1525 2682 idem
1550 2617 1729 2696 Apostolus

89 2711 245 2790 predico,
274 2719 312 2772 ct
331 2728 485 2791 protem,
510 2719 539 2774 et
563 2729 648 2774 orac
681 2711 804 2786 mecm,
842 2712 882 2775 tls
935 2717 973 2781 aa
999 2718 1202 2781 Timotheum
1236 2717 1438 2797 ephesinum
1462 2721 1647 2798 episcopum
1668 2719 1730 2782 hu·

90 2813 149 2892 pui
193 2821 266 2874 onte
299 2821 531 2893 peccaverunt,
559 2821 589 2874 cl
620 2813 741 2875 celcris
781 2813 883 2876 omni·
931 2815 1075 2896 jusmodi
1125 2824 1338 2895 preceptum:
1374 2817 1531 2882 Adversus
1564 2818 1728 2898 preshyte-

91 2913 172 2986 bus,
195 2914 341 2991 quoniam
371 2915 399 2976 si
431 2931 544 2975 venero
582 2913 696 2976 ilerum
731 2932 794 2976 non
807 2930 884 2992 para
934 2937 1006 2988 ram
1038 2920 1270 2982 accusationem
1296 2919 1363 2982 nott
1379 2921 1534 3000 recipere,
1563 2921 1629 2984 ttt'st'
1667 2917 1728 2982 aab

90 3031 175 3076 corn.
204 3013 255 3075 Art
284 3015 533 3094 experimentum
569 3015 710 3092 queritis
742 3013 885 3095 judicia·
935 3019 1055 3082 dnobus
1070 3029 1125 3082 nul
1153 3021 1255 3084 tribur
1276 3015 1426 3086 'testibus
1450 3023 1475 3097 il
1499 3023 1580 3085 Tim.
1611 3039 1643 3096 v,
1663 3020 1727 3102 19.)

92 3111 153 3174 rias
189 3113 355 3190 potestatis
385 3113 464 3176 mibi
499 3112 588 3176 iactas
617 3113 657 3176 ab
694 3130 733 3176 eo
764 3115 820 3194 pai
849 3115 884 3177 t'tt
936 3140 951 3177 ι
980 3123 1079 3184 Porro
1095 3121 1150 3185 ille
1167 3130 1272 3185 textus
1294 3123 1405 3202 probat
1424 3121 1577 3186 Ecclesia
1598 3138 1728 3200 compe·

90 3229 141 3272 mc
168 3212 502 3290 loquiturCiristttsl
535 3221 592 3276 ant
619 3213 715 3277 otiam
743 3215 815 3292 ipso
840 3213 885 3278 la·
938 3225 1005 3282 tero
1028 3220 1135 3286 lorum
1166 3222 1406 3286 contentiosum
1430 3239 1489 3284 seu
1521 3224 1649 3301 proprie
1675 3221 1729 3284 di·

91 3319 146 3374 cto
174 3312 225 3374 usi
249 3313 398 3388 sunt,uti
427 3314 514 3376 idern
539 3313 828 3394 Apostoluslcor.
850 3332 883 3390 r,
935 3325 1017 3382 ctam
1056 3319 1259 3401 jndiciariam
1310 3328 1521 3401 potestatem.
1566 3323 1643 3384 Nam
1680 3317 1727 3381 ibi

90 3415 293 3494 deisona:
317 3415 385 3492 Eoo
420 3413 544 3493 quidem
589 3413 699 3476 alteas
738 3431 882 3494 corpore,
937 3409 1056 3486 adsunt
1081 3419 1143 3483 lori
1167 3420 1296 3484 externi
1325 3438 1386 3484 sen
1435 3419 1631 3484 contentiosi
1674 3436 1727 3482 es·

88 3531 233 3592 protem
256 3507 361 3575 itatem
388 3515 519 3593 illirilth
539 3524 571 3577 et
586 3514 883 3594 p⁰leslllejssdi⁰iss
936 3518 1097 3594 sentialia,
1133 3520 1190 3582 ubi
1207 3520 1324 3582 adsunt
1339 3526 1439 3595 actor,
1465 3536 1554 3592 rous,
1570 3528 1601 3581 et
1623 3518 1726 3599 J'utlex

83 3615 157 3694 jam
171 3613 317 3695 judicavi
343 3622 537 3694 diplomat
566 3633 636 3674 tum
669 3616 723 3693 qui
742 3615 789 3677 εἰσ
808 3632 883 3694 ⁰12⁶-
935 3623 1044 3704 aliqua
1065 3628 1218 3701 potestate
1238 3621 1380 3684 coactiva
1409 3621 1591 3701 praeditust
1614 3626 1727 3682 catera

89 3723 186 3776 ratur
215 3723 260 3776 etl
291 3715 326 3776 t'tt
345 3715 471 3776 momine
500 3714 628 3777 Domini
668 3715 773 3778 castri
804 3716 884 3777 Iesu
936 3724 977 3788 Jd
1016 3722 1179 3786 sorensem
1214 3728 1401 3802 aJJJrarctum
1436 3719 1579 3782 adhiberi
1619 3718 1725 3795 solita,
1770 3780 1778 3801 ‚

92 3811 229 3884 Christi.
249 3814 447 3892 willelm
479 3812 567 3876 vibit
587 3821 617 3875 el
645 3832 711 3874 ’ΜΟ
751 3814 881 3893 ipimus
937 3831 972 3887 nl
999 3822 1142 3899 lictores,
1157 3821 1284 3896 notarii,
1308 3828 1384 3894 elc.,
1420 3820 1460 3883 de
1495 3817 1726 3882 essentialibus

91 3931 166 3974 cum
190 3913 310 3975 oirtnte
330 3921 359 3974 el
383 3914 574 3975 auctoritate
613 3915 742 3975 Domini
779 3914 884 3976 nostri
936 3939 1003 3988 nott
1054 3930 1144 3987 sunt.
1191 3921 1290 4000 Atqui
1348 3919 1497 4000 prediola
1541 3918 1727 3982 essentialia

90 4019 183 4092 Jews
224 4018 350 4080 ‘raderi
373 4015 554 4098 hujmmdt'
582 4019 708 4080 Salona
732 4018 767 4080 t'n
799 4019 879 4081 init·
936 4025 1123 4104 exprimunt
1152 4022 1202 4086 rel
1234 4029 1423 4102 supponunt
1450 4019 1544 4082 citata
1581 4016 1727 4096 Apostoli

93 4119 199 4180 ritum
226 4119 345 4191 caruil,
367 4127 404 4180 Μ
431 4119 566 4198 *piritio
611 4120 718 4181 talam
754 4119 809 4200 lidi
849 4120 885 4183 tit
935 4127 1043 4190 verba.
1062 4122 1604 4202 Exprimuntenimaccnsatorem.
1630 4133 1723 4180 reum

91 4221 145 4283 dic
173 4222 420 4285 Dominirtottri
442 4223 521 4284 lesu
552 4222 683 4286 Cllristi.
714 4225 795 4286 Ecce
831 4221 885 4286 ltic
907 4295 912 4310 ,
937 4231 969 4288 et
990 4231 1100 4287 testes.
1149 4226 1234 4286 llum
1260 4228 1367 4282 antem
1398 4215 1570 4280 Timotheo
1596 4212 1726 4285 dicitnr,

86 4321 252 4401 judicium
277 4321 422 4384 exterius
461 4330 493 4386 et
529 4322 690 4398 solemne,
724 4323 883 4403 judicavi,
936 4325 1166 4388 accusationem
1193 4320 1262 4383 stoli
1289 4320 1431 4400 recipcre
1467 4315 1533 4379 nisi
1570 4313 1631 4377 sub
1671 4311 1727 4374 teli

92 4438 212 4501 nempe
248 4423 288 4486 de
329 4430 458 4504 peccato
495 4424 638 4504 publico.
669 4431 702 4488 et
734 4423 883 4506 judicavi
936 4426 1050 4498 forma,
1097 4424 1293 4502 supponitur
1323 4437 1398 4484 euru
1430 4434 1504 4481 esse
1542 4414 1727 4525 legitimum

90 4523 129 4584 t'tt
149 4526 274 4604 nomiae
293 4525 430 4604 chmim
462 4525 540 4588 lectt
569 4526 690 4590 Cllristi
719 4533 750 4588 et
778 4540 883 4588 coram
937 4526 1094 4606 jndicem.
1122 4524 1296 4587 accusator
1330 4527 1436 4583 autem
1473 4515 1617 4598 judicem
1663 4512 1729 4592 epi

92 4623 195 4718 tptius
223 4625 336 4706 populi
368 4635 529 4690 contentu
551 4627 778 4692 celebratum:
800 4627 884 4690 Cott-
937 4640 1071 4702 scopum
1118 4639 1183 4686 non
1212 4621 1325 4696 adiret.
1371 4618 1436 4682 nisi
1473 4633 1547 4680 reus
1573 4624 1725 4694 possete

90 4703 376 4801 p'repntitoobitel
395 4727 607 4806 mcotpiritu.
625 4743 698 4788 curn
722 4726 884 4790 sententia
938 4726 991 4790 tali
1022 4725 1133 4807 jndice
1174 4722 1285 4803 aliquo
1330 4719 1424 4782 mollo
1458 4716 1567 4798 puniri
1599 4715 1649 4778 rel
1687 4714 1727 4778 ad

92 4822 212 4886 ellicaci
222 4824 837 4914 judicavitrcdcrcltttjasmodiSctonct
853 4834 884 4890 ct
937 4826 1060 4906 aliquid
1086 4823 1308 4906 aliquomodo
1333 4819 1434 4902 cogi:
1461 4817 1548 4882 unde
1576 4814 1663 4878 hoc
1654 4829 1727 4894 tpso

87 4925 193 5005 judex
218 4926 344 5008 delegat
368 4928 538 4992 sententiaa
558 4929 799 4992 exsecutionem
815 4948 885 4992 eum
938 4930 1025 5010 quod
1072 4926 1251 5007 Apostolus
1297 4928 1460 5002 supponat
1512 4925 1727 4992 accusatores,

90 5027 254 5089 cirtuteet
280 5029 470 5092 auctoritate
498 5029 624 5090 Domini
654 5030 759 5091 ttcttri
792 5030 883 5093 lesu.
937 5027 1091 5109 supponit
1125 5028 1158 5089 in
1195 5023 1304 5105 jndice
1339 5023 1483 5102 aliquam
1523 5016 1729 5082 coercititam

92 5125 180 5205 Ergo
203 5125 243 5186 ab
261 5125 497 5189 anctoritaloel
528 5125 647 5189 virtute
675 5125 793 5188 Christi
823 5123 883 5188 ba·
939 5133 1142 5207 potestatem·
1172 5127 1256 5204 Ergo
1279 5129 1387 5185 textus
1413 5119 1470 5182 ille
1503 5119 1616 5198 probat
1646 5131 1726 5176 con·

90 5225 188 5289 bebai
204 5234 390 5306 potestatem
409 5227 591 5308 judicandi,
611 5235 670 5290 etc.
937 5229 1113 5293 tentiosum
1164 5225 1284 5298 iorum,
1325 5222 1491 5302 simulque
1554 5215 1728 5280 coactivam

134 5326 198 5389 Sed
226 5326 321 5391 etiam
341 5328 517 5407 apostotus
557 5329 651 5392 docet
673 5335 705 5390 et
743 5327 884 5407 precipit
937 5327 1078 5408 aliquam
1104 5331 1291 5405 potestatem
1318 5321 1470 5383 Ecclesia
1498 5328 1532 5382 ut
1566 5313 1727 5396 pf⁰illi⁸ffl

91 5443 207 5492 omnes
234 5428 488 5495 Christianorum
509 5429 581 5493 lites
615 5438 646 5494 ct
677 5447 789 5493 causas
812 5447 884 5494 esse
939 5435 1135 5507 competere.
1165 5450 1180 5485 s
1207 5425 1390 5506 (D.Bourx,
1410 5421 1455 5482 Dc
1473 5417 1621 5499 judiciis,
1650 5423 1673 5477 t.
1700 5414 1726 5488 l,

91 5525 127 5588 in
163 5528 303 5592 Ecclesia
342 5534 582 5610 componendas
619 5538 650 5594 el
673 5530 878 5610 judicandas.
939 5550 971 5613 p.
985 5527 1051 5610 29.)

92 5627 206 5689 icor.
230 5648 262 5704 r,
293 5631 354 5694 12:
382 5631 469 5707 Quid
493 5635 575 5695 enim
602 5630 738 5694 milido
763 5633 806 5693 iis
831 5633 886 5712 ptri
977 5627 1245 5708 Pluresinsupor
1279 5627 1451 5707 Scriptura
1488 5640 1587 5687 sacra
1618 5625 1728 5684 textus

91 5728 453 5812 somctcatjadicorci
478 5733 645 5800 Nammdc
670 5735 885 5814 iisqait‘ntm
938 5732 1088 5811 probant,
1123 5747 1141 5794 a
1183 5728 1312 5794 Christo
1356 5726 1496 5792 llomino
1544 5724 1726 5788 institutam

93 5836 184 5906 tunt,
219 5847 273 5894 cot
309 5830 490 5900 indicatis?
516 5834 599 5901 lbid.
624 5834 685 5902 ts:
718 5833 799 5901 Nom
833 5850 885 5898 tot
938 5830 1247 5930 tuisse-Ecclesiam
1270 5831 1308 5898 ad
1336 5830 1454 5934 instar·
1477 5826 1580 5914 regni,
1598 5842 1617 5892 a
1635 5821 1730 5922 cicili¹
