4042 6458
114 451 165 517 lib

151 569 191 629 lt.
218 569 310 632 idern
331 571 482 652 probetur
506 587 544 630 ex
575 566 719 630 Patribus
741 573 772 629 el
802 565 906 628 ‘l'hro-

116 669 194 754 logis
202 689 212 746 3
226 670 365 736 sufficet
393 679 539 736 salltllutll
563 671 717 734 Thomam
732 669 904 732 adducere.

316 833 455 894 salamae
487 847 559 910 pars
589 829 702 910 prima.

116 955 269 1030 «Querar.
299 955 411 1019 xcvi.
430 991 469 1002 -
489 953 534 1016 nc
558 952 696 1017 dominio
711 953 845 1016 demittis
874 951 908 1012 in

357 1043 443 1098 stulu
457 1035 652 1099 mnoccntiu.

153 1185 258 1246 odat.
281 1189 308 1245 l.
328 1182 439 1244 Utrum
463 1179 602 1242 dominos
634 1178 669 1240 in
697 1186 784 1237 stulu
811 1176 905 1238 inrio-

116 1289 222 1352 crntioe
261 1284 400 1364 luissent
448 1280 610 1362 aquales?
634 1314 672 1325 -
716 1277 908 1358 llespandeo

116 1389 291 1454 dicendum
336 1385 423 1466 quod
463 1401 598 1447 necesse
632 1389 680 1446 est
707 1381 816 1444 ‹tiocco
851 1378 909 1442 ali-

117 1504 208 1568 quam
225 1485 450 1564 disparitatem
479 1483 631 1563 inprime
655 1488 739 1544 statu
766 1478 907 1543 laturam

117 1587 228 1660 luisse,
256 1587 297 1649 ad
316 1585 426 1648 acinus
449 1597 606 1665 qnantum
624 1582 663 1644 ad
681 1597 796 1645 sexum
811 1601 819 1654 3
832 1580 908 1660 quia

117 1693 184 1754 sine
206 1687 399 1751 diversitate
427 1702 526 1748 sexus
556 1683 724 1766 generatio
740 1699 805 1747 nan
827 1681 909 1744 luis-

119 1799 163 1854 set
180 1809 189 1865 3
204 1788 359 1852 similiter
372 1787 468 1851 etiam
503 1794 660 1866 qnantum
684 1783 721 1848 ad
755 1792 878 1848 aetatem
898 1806 907 1859 3

117 1893 161 1954 sic
192 1890 284 1954 enim
313 1889 445 1972 quidam
482 1903 522 1949 ex
549 1886 624 1949 aliis
652 1886 907 1949 nascebantur...

117 2023 153 2038 ·-
187 1988 250 2052 Sed
280 1996 315 2050 et
342 1986 523 2050 secundum
563 1984 702 2048 animam
737 1984 909 2048 diuersitas

118 2089 228 2152 luisset
257 2095 290 2150 el
317 2094 475 2168 quantum
499 2085 537 2149 ad
566 2083 740 2166 justiliam,
761 2093 792 2147 et
808 2103 910 2165 quan·

120 2187 242 2252 lamed
279 2187 463 2251 scientiam.
507 2187 574 2249 Nan
614 2185 700 2248 enim
733 2203 774 2246 ex
799 2203 910 2248 neees-

120 2290 206 2351 silale
250 2286 350 2349 bomo
390 2285 595 2364 operabatur,
635 2284 692 2346 sed
724 2300 781 2362 per
830 2282 911 2348 libe·

122 2406 187 2449 rum
215 2386 403 2461 arbitrium,
439 2402 479 2447 ex
511 2400 576 2464 quo
593 2382 690 2446 lxamo
712 2383 910 2465 habetquod

122 2488 217 2568 possit
242 2489 346 2568 caragis
363 2496 394 2550 et
416 2485 526 2548 minus
568 2484 708 2548 animam
749 2485 911 2566 applicare

122 2588 157 2651 ad
183 2586 308 2668 aliquid
336 2584 534 2658 laciendum,
567 2581 615 2646 vel
646 2581 834 2660 volendum,
860 2581 910 2648 vel

122 2687 399 2768 cognoscendum
433 2683 672 2765 undequidaxn
700 2684 801 2766 magis
834 2701 910 2764 pro·

123 2785 270 2850 fecissent
298 2787 334 2851 in
355 2785 484 2868 justitia
500 2792 531 2848 et
547 2784 695 2862 seientia,
715 2802 812 2866 quam
839 2785 908 2850 alii.

126 2892 167 2950 lix
194 2896 279 2968 purte
296 2888 392 2952 etiam
412 2887 558 2967 corporis
582 2895 705 2966 poterat
741 2902 812 2950 esse
841 2885 911 2950 dis·

126 2987 245 3069 paritas.
276 2989 348 3052 Non
376 2987 463 3051 enim
496 2995 562 3050 erat
579 2994 764 3064 exemptam
791 3003 911 3066 corpus

127 3089 295 3152 humanum
316 3089 455 3153 totaliter
471 3107 487 3150 a
505 3089 631 3170 legibus
661 3099 794 3161 naturae,
831 3088 912 3168 quin

128 3209 163 3254 ax
179 3191 398 3256 exterioribus
420 3190 592 3270 agentibus
616 3189 740 3271 aliquid
766 3206 911 3254 eorume-

127 3295 196 3356 duaa
226 3302 281 3358 aut
325 3292 485 3356 auxilinm
522 3293 680 3372 reciperet
720 3292 821 3372 magis
860 3291 912 3354 vel

129 3395 237 3470 tainus,
259 3411 336 3458 cam
363 3392 460 3457 etiam
492 3393 584 3456 cibus
612 3409 727 3458 eorum
746 3395 811 3457 rita
839 3409 912 3456 sus·

129 3501 351 3558 lentaretur....

427 457 522 517 PARS
539 456 597 517 ltt.
616 455 666 516 ba
686 453 882 516 ruttsotttS.
904 477 939 490 ··
956 453 1029 517 lto.
1052 455 1105 520 lx.
1125 459 1173 520 ba·
1194 460 1426 536 l..ltots‚1t'tt'..
1699 459 1752 520 :lto

961 568 1147 634 dominatur
1161 571 1258 635 alicui
1281 580 1314 634 ut
1329 589 1440 645 serro3
1457 571 1588 652 quando
1603 589 1678 636 auru
1697 573 1751 634 aui

961 673 1157 748 dominatur,
1174 673 1213 736 ad
1230 673 1391 754 propriam
1413 671 1582 736 utilitatem
1603 671 1669 744 sui,
1686 671 1751 736 soi·

963 773 1036 836 liaet
1060 773 1268 844 dominantis,
1293 773 1400 837 relert.
1417 775 1454 836 ut
1472 771 1548 854 quia
1572 771 1752 852 unicuique

961 881 1009 938 est
1025 873 1200 954 appetibile
1217 875 1382 956 proprium
1403 877 1523 940 boarum
1536 896 1544 950 3
1558 882 1591 938 ol
1604 889 1660 954 per
1675 888 1753 936 con·

961 994 1103 1056 satiricus
1126 977 1345 1042 contristabile
1380 987 1428 1040 est
1456 976 1635 1057 unicuique
1664 973 1750 1056 quad

962 1077 1042 1141 illud
1059 1081 1180 1142 bonnm
1196 1080 1281 1158 qood
1298 1079 1430 1142 deberet
1444 1096 1516 1140 esse
1533 1095 1644 1150 saxum,
1661 1075 1752 1140 oadal

961 1181 1054 1246 alteri
1072 1187 1195 1242 lantum
1213 1202 1222 1255 3
1244 1179 1318 1242 ideo
1333 1179 1394 1244 tate
1409 1178 1590 1242 dominium
1612 1195 1676 1241 tion
1700 1194 1755 1258 po-

963 1277 1753 1362 testessesinepoenasubjeelerunr3propterquod

962 1383 997 1448 in
1019 1389 1104 1446 statu
1126 1382 1324 1446 innocentiae
1346 1396 1411 1444 uon
1430 1378 1545 1443 luisset
1566 1377 1627 1442 tale
1645 1378 1752 1444 dont-
1801 1439 1803 1446 .

963 1483 1055 1547 nium
1071 1482 1213 1547 bominis
1228 1483 1265 1544 ad
1282 1479 1456 1544 hominem.

1001 1589 1093 1648 Tunc
1113 1603 1189 1648 rere
1227 1583 1414 1646 dominatur
1442 1579 1564 1662 ationis
1592 1580 1688 1644 altari
1719 1587 1753 1644 ut

963 1686 1078 1760 libero.
1104 1684 1233 1766 quando
1251 1683 1363 1764 dirigit
1390 1683 1497 1762 ipsum
1523 1679 1561 1744 ad
1588 1681 1756 1760 proprium

965 1787 1085 1848 bonum
1109 1785 1180 1866 ejus
1209 1783 1264 1866 qui
1290 1782 1454 1864 dirigitur,
1487 1778 1535 1844 rel
1565 1779 1603 1842 ad
1634 1782 1755 1842 bonum

963 1903 1154 1961 comncune3
1181 1897 1213 1950 et
1245 1885 1306 1949 tale
1332 1883 1514 1948 dominium
1546 1881 1688 1946 bominis
1716 1881 1754 1946 ad

964 1989 1130 2052 bominem
1157 1990 1188 2050 in
1208 1994 1293 2050 statu
1316 1987 1509 2052 innocentie
1537 1985 1653 2050 luisset
1679 2001 1754 2060 pro·

965 2098 1034 2169 pter
1058 2089 1144 2164 duo3
1166 2088 1269 2166 primo
1289 2090 1365 2170 quio
1384 2091 1474 2154 bomo
1495 2089 1689 2152 naturaiiter
1711 2095 1758 2150 ert

964 2191 1082 2253 unium!
1095 2191 1221 2257 sociale.
1241 2191 1330 2254 Unde
1347 2189 1493 2254 homines
1510 2190 1544 2253 in
1559 2197 1643 2252 statu
1657 2189 1755 2252 iune-

965 2293 1079 2356 centiae
1106 2293 1267 2355 socialiter
1294 2291 1465 2355 vixissent.
1488 2291 1621 2356 socialis
1649 2300 1755 2354 aratam

967 2394 1030 2457 rita
1047 2395 1223 2457 multorum
1239 2409 1312 2456 asse
1331 2409 1394 2456 nori
1416 2399 1532 2472 potest,
1549 2391 1613 2454 nisi
1634 2391 1756 2471 aliquis

968 2491 1164 2576 praesideret,
1182 2495 1238 2576 qui
1258 2495 1298 2558 ad
1320 2493 1440 2558 bonum
1463 2507 1634 2557 conrnune
1650 2490 1756 2556 inteu-

965 2597 1093 2660 deret...
1116 2595 1276 2670 meando,
1303 2597 1379 2676 qnia
1403 2594 1431 2658 si
1458 2612 1544 2658 naus
1569 2593 1666 2658 homo
1698 2593 1756 2656 ba·

966 2693 1758 2778 buissetsuperaliossupereminentiamscianlim

966 2798 1167 2878 enjusdam,
1194 2797 1428 2862 inconveniens
1449 2795 1586 2868 luisset3
1610 2794 1674 2858 nisi
1698 2794 1759 2860 boe

966 2907 1202 2981 exsequeretur
1220 2898 1253 2964 in
1281 2897 1453 2962 utilitatem
1473 2897 1621 2971 alierum,
1638 2912 1758 2960 secun·

966 3001 1042 3064 dum
1057 2999 1309 3076 conductioni
1325 2997 1529 3068 Pctr.xr,10:
1542 2993 1760 3074 Unusquisque

965 3097 1101 3177 pretium
1121 3113 1213 3177 quam
1238 3095 1372 3175 accepit,
1397 3095 1432 3158 in
1451 3094 1646 3156 alterutrum
1671 3090 1760 3155 ittam

966 3195 1232 3262 administrantur.
1273 3195 1362 3260 Unda
1404 3193 1607 3276 Augustinus
1653 3190 1759 3266 dicit,

968 3298 1023 3360 lib.
1057 3315 1127 3373 xxx,
1157 3297 1201 3358 tic
1228 3297 1317 3360 cinit.
1346 3295 1415 3370 dei,
1449 3312 1520 3376 cap.
1551 3293 1601 3366 lt,
1644 3291 1677 3354 in
1705 3291 1758 3362 bar.

966 3395 1058 3473 Quod
1080 3396 1160 3476 justi
1178 3413 1243 3455 nan
1259 3391 1443 3456 doirrinundi
1468 3391 1644 3472 eupiditate
1666 3391 1762 3470 impe·

966 3509 1051 3574 runt,
1067 3500 1122 3562 aad
1138 3499 1241 3580 officie
1262 3496 1473 3566 consulendi.-
1489 3505 1519 3558 et
1534 3513 1605 3575 cap.
1623 3496 1671 3561 ta.
1692 3495 1761 3558 Hoc

163 3617 176 3650 α
192 3599 255 3659 dri.
279 3596 311 3656 2·
335 3595 446 3658 Utrum
466 3594 556 3657 domo
571 3595 606 3657 t'n
621 3603 708 3658 tiolo
723 3595 913 3660 inducentia?
965 3602 1124 3666 naturalis
1139 3599 1216 3662 ordo
1226 3599 1431 3679 proscribit3
1448 3599 1592 3662 italicus
1607 3597 1761 3662 bominem

129 3693 240 3758 bomini
276 3693 530 3758 dominabatur?
564 3695 715 3758 Candido
745 3694 912 3758 bominum

131 3795 251 3860 instato
281 3797 475 3860 innocentiae
499 3812 563 3860 non
583 3803 651 3860 erat
669 3796 800 3876 dignior
816 3813 911 3878 qaam

129 3900 264 3962 corrditio
285 3897 490 3978 angelorum3
509 3895 568 3960 sed
583 3896 666 3958 inter
689 3896 823 3976 angelos
840 3897 914 3978 qui·

131 3995 195 4060 dam
216 4001 293 4064 aliis
322 3999 550 4070 dominantum
567 3997 653 4060 unde
673 4005 705 4061 ct
726 4015 812 4060 unus
835 3999 914 4062 erdo

132 4099 379 4164 nominationum
391 4109 554 4162 ructantur.
573 4101 655 4177 lingo
671 4105 793 4162 nonest
807 4107 915 4163 contra

132 4197 312 4279 dignitatem
346 4208 447 4263 slatus
477 4198 671 4262 innocentiae
700 4205 787 4278 quod
818 4198 914 4263 bomo

133 4297 245 4365 bomini
264 4303 501 4367 dominaretur.
522 4324 537 4359 n

170 4404 391 4483 «despondeo
420 4403 594 4467 dicendum
621 4403 708 4486 quod
735 4404 917 4468 dominium

134 4493 528 4582 occipicucduplieueruno
544 4503 918 4586 modosecundumquod

134 4604 302 4681 opponitur
320 4603 492 4676 servituti3
513 4611 544 4666 et
566 4604 613 4666 sic
630 4605 781 4668 dominus
801 4606 920 4670 dieitur

135 4703 181 4764 cni
204 4703 324 4787 aliquis
346 4703 499 4769 subditur
513 4713 549 4768 ut
574 4721 700 4768 servus.
729 4706 802 4770 llio
825 4707 920 4770 modo

135 4804 922 4886 accipitnrdominium,seeundumouodaomrnu·

138 4905 212 4970 aiter
226 4905 411 4972 referturad
427 4907 608 4987 subjectum
634 4907 921 4991 qualitercunque3

138 5017 164 5070 el
183 5012 225 5074 sia
245 5012 342 5076 etiam
371 5009 426 5072 ille
443 5007 500 5088 qui
524 5007 619 5070 babet
639 5006 780 5071 officium
803 5011 923 5090 guber·

140 5113 225 5176 nundi
250 5120 282 5176 et
310 5110 473 5192 dirigendi
503 5109 647 5184 liberos,
673 5109 828 5172 dominus
856 5111 920 5176 dici

139 5219 245 5280 retest.
269 5213 376 5280 Primo
400 5229 459 5294 ego
485 5211 582 5275 modo
606 5217 737 5290 accepto
764 5211 921 5288 dominio,

141 5328 170 5374 an
183 5323 260 5379 slata
276 5313 468 5379 innocentia
480 5311 577 5376 bomo
589 5309 714 5377 homini
740 5327 805 5376 non
820 5312 924 5375 dorici·

142 5425 281 5496 naretur3
302 5418 358 5481 sed
375 5415 519 5480 seeundo
539 5417 636 5478 modo
661 5422 792 5495 accepto
818 5415 924 5480 denai-

143 5515 200 5593 nio,
213 5511 245 5583 'in
258 5529 343 5583 statu
357 5516 659 5584 innoeentimbomo
676 5516 797 5580 homini
815 5518 921 5580 dond-

144 5621 202 5680 nari
217 5623 385 5699 potuisset.

176 5723 303 5805 «cnjus
322 5725 477 5798 rationu,
494 5723 571 5804 quia
588 5737 702 5786 servus
723 5721 755 5784 in
782 5721 842 5786 linc
859 5721 923 5784 dil-

144 5815 220 5886 lana
234 5827 347 5899 libero,
364 5825 450 5907 equod
474 5825 553 5888 liber
568 5833 612 5887 rot
628 5843 722 5885 carrea
739 5825 801 5896 sati,
817 5841 922 5884 scretis

145 5929 229 5984 caton
245 5925 415 5988 ordinatur
429 5924 470 5988 ad
484 5925 591 5988 cilicina.
606 5925 630 5985 Τ
635 5941 695 5988 una
712 5941 787 6002 algu
802 5921 922 6006 aliquis

967 3704 1156 3770 condidit.»

1007 3809 1081 3870 Hac
1104 3823 1177 3869 aum
1200 3805 1243 3868 ita
1265 3803 1332 3868 sint
1354 3821 1394 3868 ex
1418 3802 1608 3868 necessitate
1639 3818 1760 3874 cerrum,

968 3907 1103 3974 cuilibet
1139 3907 1287 3970 humanae
1322 3903 1467 3969 societati
1498 3903 1680 3966 necessaria
1714 3911 1763 3971 est

968 4005 1153 4080 audacitas,
1184 4011 1323 4084 potestas
1355 4011 1386 4066 et
1415 4005 1490 4066 Lex.
1522 4036 1559 4050 -
1589 4002 1677 4064 Deus
1713 4005 1762 4061 est

969 4109 1104 4190 ipsamet
1126 4105 1297 4170 auctoritas
1324 4112 1355 4167 et
1375 4109 1554 4184 palenoso
1573 4119 1637 4184 qua
1654 4119 1764 4168 essen·

971 4209 1090 4274 tialiter
1105 4207 1251 4288 procedit
1269 4207 1350 4269 Lex.

1179 4369 1194 4442 5
1213 4369 1246 4426 ll.
1261 4399 1296 4412 ·-
1313 4368 1351 4425 De
1367 4369 1473 4442 origine
1491 4367 1568 4442 legis.

1014 4513 1114 4583 bens,
1125 4508 1272 4572 omnium
1289 4506 1446 4582 eonditor,
1459 4503 1662 4580 asemetipso
1673 4503 1765 4568 exsi-

974 4621 1074 4684 stens,
1092 4627 1221 4674 omnem
1238 4609 1273 4670 in
1298 4625 1334 4670 sa
1358 4603 1578 4671 auctoritatem
1595 4604 1701 4670 babet.
1718 4605 1766 4668 Ex
1833 4617 1836 4624 ’

976 4713 1033 4776 bae
1051 4727 1127 4776 vera
1152 4709 1353 4784 alletoritate,
1372 4708 1423 4772 eni
1450 4695 1559 4771 omnia
1581 4705 1766 4770 subduntur

975 4825 1006 4880 et
1022 4813 1132 4878 nullus
1156 4813 1315 4892 imperare
1335 4819 1450 4892 potest,
1467 4814 1623 4872 creature
1641 4823 1766 4870 aarum·

976 4936 1040 4996 une
1056 4915 1144 4997 leges
1160 4922 1189 4979 et
1212 4913 1291 4978 fines
1313 4920 1473 4975 emanant.
1489 4912 1577 4974 Deus
1600 4911 1691 4973 Pater
1706 4917 1765 4985 est,

976 5020 1042 5081 ltux
1059 5017 1315 5096 omnipotenset
1334 5011 1522 5088 absolutus3
1543 5029 1641 5093 aeuo
1659 5011 1767 5074 omnis

977 5119 1150 5201 paternitas
1165 5128 1197 5180 et
1221 5117 1308 5197 regia
1333 5122 1473 5196 poteslas
1493 5120 1619 5178 emanat
1647 5113 1681 5174 in
1701 5127 1765 5176 ata·

978 5222 1008 5286 lo
1040 5229 1071 5283 al
1109 5219 1143 5282 in
1178 5227 1273 5282 terra.
1312 5217 1408 5282 Nulla
1439 5215 1587 5280 subsistit
1622 5221 1766 5280 ereatura

978 5322 1040 5386 nisi
1059 5338 1115 5400 par
1136 5319 1351 5384 incessantem
1377 5316 1623 5394 omnipotentius
1648 5321 1765 5387 actum,

977 5437 1050 5500 quaa
1064 5417 1223 5482 servando
1235 5431 1344 5480 creare
1361 5415 1476 5495 pergit.
1491 5416 1540 5478 sie
1554 5431 1619 5496 qne
1635 5415 1689 5478 dat
1701 5414 1770 5478 aui·
1878 5475 1885 5498 Ι

978 5518 1037 5580 anis
1056 5517 1190 5578 sicelet
1209 5511 1399 5592 corporibus
1426 5529 1555 5576 omnem
1583 5513 1698 5594 agendi
1715 5529 1770 5593 po·

978 5618 1120 5690 tentiam,
1137 5614 1316 5694 subsistere
1329 5613 1489 5680 iaciendo.

1018 5721 1116 5790 Deus,
1131 5715 1256 5780 bonitas
1272 5716 1409 5790 intinila,
1441 5713 1506 5778 nisi
1524 5717 1564 5778 ad
1584 5715 1769 5784 felicitatem

979 5819 1065 5893 exitia
1093 5834 1157 5882 raon
1178 5825 1274 5888 areat.
1303 5819 1409 5881 Home
1424 5817 1535 5899 igitar.
1552 5819 1704 5898 imaaoec
1721 5821 1769 5884 si·

983 5920 1133 5988 mititudo
1149 5921 1218 5998 Dei,
1246 5919 1303 5986 sed
1335 5939 1400 5988 non
1438 5921 1545 5986 eidem
1571 5922 1705 6004 aequente
1730 5924 1769 5986 u‘d
