4046 6460
280 419 331 486 lii
787 407 902 471 tttttts
919 401 1097 469 cadodtct
1117 401 1382 466 cdbtbdbltbt.
1861 397 1916 464 tlt

280 547 354 598 sese
370 528 521 609 ingerere
547 529 708 606 nequeat,
737 535 801 585 non
827 518 978 600 sequitur
1002 532 1067 579 non
1119 515 1295 595 denegare,
1321 521 1358 576 ut
1386 518 1471 594 patet
1499 527 1539 576 ex
1555 509 1755 576 clementina
1780 511 1916 574 Drrdunr

280 649 376 716 posse
404 645 479 694 eam
506 629 539 692 in
564 627 603 690 iis
623 640 695 688 sese
708 621 890 686 immiscere
907 625 1069 700 quatenus
1117 621 1150 678 et
1178 613 1252 677 aliis
1270 613 1412 694 juribus.
1429 615 1498 678 Noa
1518 612 1579 676 aba
1595 613 1635 676 de
1657 628 1753 678 eausa
1777 613 1916 676 obstare

280 737 451 812 protector,
478 727 573 790 idest
591 723 728 804 adjutor,
757 720 882 784 amicus
906 727 939 782 et
965 717 1069 780 adro·
1119 722 1224 796 potest
1251 714 1436 777 ordinarias
1456 732 1496 777 ne
1515 714 1679 794 regulares
1693 715 1916 794 predicentet

280 840 382 898 estus.
398 833 466 894 lmo
488 830 549 890 boc
574 826 681 905 ipsius
696 821 840 886 oltlcium
855 827 916 892 cst,
934 835 1070 898 pranser-
1117 817 1341 882 eonlessiones
1367 817 1513 888 audiant,
1534 833 1631 898 qnam
1657 820 1743 898 quod
1767 818 1915 880 idoneos

281 934 336 997 tim
355 929 409 994 ubi
438 925 560 992 tutandi
586 931 662 988 suut
677 920 820 1002 religiosi
839 919 880 983 ab
894 917 1024 1000 injuriis
1038 923 1071 979 et
1119 935 1183 982 non
1199 918 1349 998 reperiat.
1372 916 1545 998 belegatur
1566 917 1654 980 enim
1670 917 1918 980 ordinariusex

279 1030 560 1114 oppressionibus.
574 1030 649 1109 agit
662 1035 771 1090 autem
788 1033 824 1088 ιιι
839 1030 999 1104 protector
1011 1021 1069 1103 qui
1114 1020 1190 1100 jure
1201 1030 1233 1086 et
1245 1023 1422 1104 qmntideiis
1440 1023 1730 1088 constitutionibus
1745 1026 1784 1089 ad
1810 1039 1916 1101 ragu-

278 1123 1071 1210 reqaisitusJ‘uvamcn{crustatalltalblloutm
1120 1121 1235 1185 inritam
1262 1125 1471 1188 idoneitatem
1509 1125 1750 1190 corastataodam
1782 1134 1822 1190 ιιι
1856 1126 1913 1188 isti

277 1230 405 1312 Dejrrre
420 1229 522 1308 repul.
539 1234 562 1291 t.
575 1227 617 1302 ll,
635 1244 665 1306 p.
680 1227 762 1304 ill.)
1118 1237 1213 1302 quam
1231 1230 1341 1286 tenent
1355 1225 1732 1306 npsrrajurisdictionem
1744 1226 1917 1306 explicare

318 1329 466 1410 «Optimi
480 1338 601 1403 autem,
615 1328 658 1390 ait
677 1327 800 1391 cardin.
815 1328 918 1399 Petra,
935 1323 1070 1404 regula·
1119 1324 1257 1388 rateant.
1275 1327 1315 1387 Et
1340 1325 1426 1388 idem
1443 1326 1617 1392 dicendum
1634 1334 1684 1391 est
1710 1328 1751 1391 de
1775 1327 1917 1392 moula-

278 1433 363 1494 rium
396 1430 586 1511 protectoris
609 1438 716 1511 partes
735 1433 824 1501 suut,
844 1427 991 1490 ordinem
1004 1424 1070 1488 sibi
1120 1423 1212 1486 ribus
1229 1425 1464 1500 sacerdotibus,
1478 1426 1534 1505 qai
1563 1425 1830 1508 iurisdictionem
1854 1447 1914 1492 seu

278 1532 537 1596 commendatum
569 1530 603 1593 ia
629 1529 742 1609 quieto
775 1535 807 1591 et
823 1527 953 1608 pectore
984 1531 1068 1588 statu
1120 1524 1310 1590 missionem
1327 1543 1344 1589 a
1363 1543 1439 1606 papa
1453 1535 1611 1592 tenerent.
1629 1531 1783 1593 Praeterea
1814 1530 1916 1593 dele·

279 1649 471 1696 conservare
486 1638 517 1694 et
534 1648 665 1710 augere,
688 1629 729 1690 ab
751 1625 1018 1708 impugnantibus
1039 1631 1071 1686 et
1119 1633 1214 1705 gatar
1227 1627 1414 1690 ordinarius
1431 1637 1465 1690 ut
1477 1627 1628 1708 invigilet
1642 1633 1680 1691 ad
1698 1638 1817 1693 rectam
1836 1647 1916 1693 saa-

280 1732 528 1797 molestantibus
566 1737 735 1811 protegere
755 1736 787 1792 et
802 1729 900 1801 tueri,
924 1745 961 1790 eo
975 1726 1072 1790 etiam
1119 1732 1268 1804 otamqoe
1285 1725 1373 1788 verbi
1394 1725 1499 1788 diuini
1519 1733 1550 1789 et
1565 1736 1844 1790 sacramentorum
1861 1729 1919 1788 ad·

280 1833 452 1914 invigilare
480 1849 553 1896 cum
583 1831 707 1912 regulis
734 1827 991 1910 prudentialibur
1010 1842 1074 1905 po·
1121 1824 1396 1889 ministrationem
1421 1843 1477 1905 per
1497 1827 1661 1906 regulares
1677 1826 1762 1890 sicut
1777 1843 1838 1907 per
1851 1843 1915 1890 ssa·

281 1934 345 1995 tius
370 1951 461 2013 quom
477 1929 804 2014 jurisdictiouolibus,
834 1945 874 1992 na
903 1927 1025 1992 stabiliti
1054 1942 1075 1998 a

280 2030 504 2110 superioribus
531 2030 786 2111 opprimantur.»
813 2026 918 2108 (card.
950 2026 1072 2100 Peras,

283 2143 359 2196 tom.
384 2134 440 2208 tlt,
456 2149 488 2212 p.
511 2133 579 2204 tot,
601 2149 633 2194 ιι.
660 2132 691 2205 l,
708 2129 785 2194 edit.
819 2131 933 2192 venet.
969 2125 1072 2206 l'l'sl.)

578 2261 695 2319 baeda
715 2259 775 2320 llll.

282 2370 321 2430 De
331 2373 394 2443 jore
410 2374 572 2445 repertorium
599 2383 705 2427 socrum
727 2370 902 2436 urinisteriunr
921 2369 1069 2439 exercendi,

402 2455 426 2499 el
439 2446 472 2500 tle
485 2461 562 2500 sacro
582 2443 730 2498 strinisterio
740 2457 804 2512 erpo
819 2439 956 2495 rsoninies.

431 2544 445 2615 g
464 2542 485 2600 l.
499 2571 536 2586 -·
549 2544 589 2599 lie
603 2540 769 2615 regularium
783 2539 926 2596 missione.

321 2653 346 2714 l.
363 2649 680 2730 itegularesordines
694 2665 800 2710 reram
817 2663 833 2710 a
850 2648 928 2710 sede
939 2653 1068 2726 aposto·

282 2751 344 2815 lioa
368 2751 558 2815 missionem
583 2749 701 2812 habent
716 2747 893 2811 adsacrum
917 2765 1071 2812 exercen-

275 2849 360 2911 dum
376 2846 608 2910 ministerium.
621 2845 752 2909 Constat
770 2861 810 2908 ex
826 2860 865 2906 eo
880 2845 966 2924 quod
978 2845 1073 2907 sedas

281 2947 460 3029 apostoliea
491 2947 624 3011 ordines
658 2945 830 3024 religiosos
859 2943 1015 3025 approbet
1042 2951 1075 3008 et

181 3121 185 3132 ⁸
282 3049 440 3111 exsistere
457 3049 536 3111 vetit
556 3041 839 3128 jualarespectira
855 3045 1003 3123 ipsorum
1023 3043 1075 3108 in·

282 3149 392 3211 stituta
411 3158 442 3211 et
457 3149 494 3211 ad
522 3149 617 3211 linem
647 3147 799 3226 adquam
828 3145 932 3208 sancti
950 3143 1070 3208 laruda·

285 3258 371 3312 tores
391 3265 449 3312 eos
469 3249 695 3311 instituerunt.

303 3385 305 3397 ·
322 3349 363 3411 ll.
380 3348 415 3410 ln
426 3347 633 3412 clementina
648 3346 867 3420 [ludentidle
881 3345 1069 3427 sepulturis,

284 3447 479 3529 paredicondi
508 3449 642 3511 verbum
670 3446 729 3510 bei
755 3445 843 3510 olero
873 3454 905 3508 et
939 3448 1073 3527 populo,

283 3549 473 3611 eorumdem
504 3545 730 3611 confessiones
758 3545 914 3609 audiendi
950 3563 1074 3627 eosque

282 3649 471 3712 absolvendi
491 3650 603 3713 missio
622 3649 843 3731 etjurisdictio
863 3649 1072 3732 regularibus

282 3749 405 3813 datura
438 3767 529 3832 papa,
547 3731 836 3832 cujusjurisdictio
860 3769 924 3816 non
942 3757 1075 3815 restria-

282 3849 415 3929 giturad
430 3849 551 3912 limites
563 3849 703 3930 alicujus
715 3849 869 3913 territorii
887 3853 932 3930 (C.
949 3853 1074 3916 Cuncta

278 3965 340 4027 per
359 3945 509 4010 mundum
533 3965 629 4011 causa
658 3951 690 4020 tt,
715 3957 828 4030 quaest.
849 3949 893 4030 3.)
918 3951 979 4014 Sed
1001 3953 1077 4014 uni·

285 4061 398 4108 versus
424 4047 512 4110 orbis
527 4054 576 4109 est
588 4065 646 4110 sua
663 4049 825 4112 diaecesis.
844 4049 890 4128 (C.
906 4051 970 4113 Par
983 4053 1076 4134 prio·

283 4146 424 4226 sipulum,
458 4147 563 4227 ejusd.
581 4165 687 4212 oausm
714 4153 745 4212 et
765 4151 995 4230 quoest..Etsic
1027 4159 1075 4215 te·

283 4256 338 4310 aet
361 4255 391 4309 et
406 4255 543 4310 testetur
574 4249 745 4330 liagneaus
767 4248 800 4313 in
824 4268 853 4312 c.
882 4250 1002 4324 Omnis,
1029 4253 1076 4313 De

281 4348 394 4427 penit.
425 4355 453 4408 et
480 4345 731 4425 remissionibus,
752 4366 785 4412 ιι.
818 4349 869 4425 te,
895 4348 1074 4414 declarasse

283 4462 364 4507 sacr.
393 4461 504 4526 congr.
534 4447 657 4510 Corroil.
705 4471 708 4486 ·

323 4547 380 4610 ΙΙΙ.
397 4547 496 4628 Atqui
524 4562 614 4628 papae
630 4553 663 4610 et
680 4547 829 4629 ejusdem
845 4549 1071 4631 delegatorum

279 4645 467 4728 jrrrisdictio
500 4649 667 4724 coarctari,
697 4649 828 4713 limitari
865 4659 896 4714 et
922 4652 1074 4732 impediri

283 4745 397 4825 nequit
433 4746 472 4808 ab
507 4745 681 4810 ordinariis
711 4745 855 4811 locorum
892 4747 955 4810 nisi
981 4750 1073 4828 juxta

283 4845 510 4924 conciliorum)
527 4848 653 4912 decreta
669 4854 702 4911 et
733 4863 934 4912 summorum
947 4848 1075 4928 pontili-

283 4963 356 5010 cum
368 4945 716 5027 constitutiones3quia
730 4946 854 5027 deiero
868 4946 1077 5010 divinoordi·

284 5045 366 5108 narii
391 5045 580 5126 quicunque
595 5061 686 5125 papea
707 5044 928 5127 subjiciantur
953 5045 1077 5108 eidem·

281 5161 347 5224 que
363 5145 575 5208 reverentiam
595 5151 626 5207 et
641 5141 861 5206 obedientium
876 5141 1008 5206 debent.

322 5245 376 5307 ιι.
408 5245 600 5307 llissioacm
635 5259 714 5307 raro
729 5243 881 5306 ordinum
899 5243 1074 5325 religioso·

281 5361 354 5407 rum
372 5345 425 5407 bis
440 5344 520 5408 solis
534 5343 779 5408 conditionibus
796 5343 940 5408 Ecclesia
960 5345 1073 5424 subje-

1121 1925 1247 1990 culares
1261 1925 1447 1988 sacerdotes
1464 1925 1666 1991 obeundum.

1163 2027 1202 2090 V.
1214 2026 1355 2106 tdeoque
1369 2024 1552 2089 Clemensll
1564 2023 1723 2088 celebrem
1735 2041 1831 2088 suam
1842 2042 1919 2088 ron·

1121 2125 1322 2190 stitutionem
1349 2127 1495 2206 Superuo
1509 2127 1546 2188 il
1567 2123 1647 2188 lulli
1672 2123 1759 2200 toti,
1774 2126 1808 2188 in
1826 2125 1919 2188 butro

1122 2227 1255 2307 praecise
1267 2229 1362 2292 linem
1379 2229 1494 2302 edidit,
1514 2235 1547 2290 ut
1559 2227 1736 2292 declararet
1751 2245 1782 2291 et
1797 2227 1918 2291 debui·

1121 2336 1181 2406 ιιι,
1214 2329 1253 2406 ad
1272 2329 1351 2409 quid
1366 2329 1731 2410 tenerenturregulares
1750 2346 1828 2408 erga
1846 2329 1919 2408 epi·

1121 2445 1251 2510 scopos,
1267 2437 1299 2491 et
1319 2429 1463 2492 vicissim
1475 2429 1619 2509 episcopi
1642 2447 1717 2509 erga
1734 2431 1917 2510 regulares,

1121 2529 1450 2610 circatpraedicationis
1480 2539 1511 2594 et
1538 2529 1783 2594 confessionum
1818 2541 1917 2594 mato·

1126 2629 1226 2705 rium;
1261 2647 1357 2710 quam
1389 2631 1656 2694 constitutionem
1691 2631 1725 2696 in
1756 2631 1828 2694 suis
1866 2650 1918 2694 es·

1122 2730 1317 2796 sentialibas
1340 2729 1395 2796 bic
1421 2732 1632 2796 transcribere
1662 2731 1803 2816 perutile
1819 2731 1917 2797 duxi·

1122 2849 1209 2900 mus.

1279 2993 1476 3064 constitutio
1493 2994 1662 3058 Clementis
1680 2995 1710 3057 X
1712 3039 1720 3058 .

1163 3139 1335 3218 «Superos
1360 3135 1467 3218 magni
1491 3139 1592 3202 Patris
1608 3137 1760 3203 familias.
1781 3139 1811 3202 l.
1831 3141 1914 3204 Sane

1121 3239 1913 3324 oumsacriconcilii'tridentinidecretisprovide

1122 3349 1277 3405 statutum
1302 3339 1415 3418 tuerit,
1445 3351 1480 3406 ut
1507 3342 1913 3424 regularesoujuseuaque

1122 3442 1262 3519 ordinis,
1284 3441 1379 3506 nisia
1401 3442 1472 3506 suis
1485 3442 1712 3523 superioribus
1735 3443 1777 3508 do
1794 3443 1871 3520 vita,
1885 3451 1915 3508 et

1124 3543 1281 3622 moribus,
1297 3551 1329 3608 et
1343 3545 1480 3608 scientia
1494 3545 1668 3608 examinati
1699 3553 1729 3609 et
1746 3545 1915 3628 approbati

1121 3643 1256 3720 luerint,
1286 3662 1322 3710 eo
1337 3646 1376 3709 de
1399 3663 1513 3710 eorum
1539 3646 1672 3711 licentia
1691 3646 1789 3710 etiarn
1807 3647 1843 3710 in
1861 3665 1914 3710 ec·

1122 3743 1232 3808 clesiis
1247 3762 1381 3810 suorum
1394 3747 1546 3809 ordinum
1566 3747 1740 3826 praedicare
1760 3763 1826 3810 non
1836 3765 1912 3828 pos·

1123 3845 1200 3921 siut,
1218 3861 1291 3908 oum
1308 3861 1370 3926 qua
1383 3845 1510 3910 licentia
1523 3845 1737 3925 personaliter
1752 3865 1788 3910 se
1807 3865 1913 3912 coram

1123 3935 1286 4026 episcopis
1295 3951 1488 4024 praesentare
1499 3952 1529 4006 et
1543 3943 1640 4006 abeis
1652 3943 1912 4007 benedictionem

1124 4052 1233 4125 petere
1252 4050 1423 4108 teneantur
1446 4053 1619 4126 antequem
1638 4045 1813 4124 predicere
1832 4046 1914 4108 inci·

1123 4146 1229 4226 piant;
1257 4147 1290 4210 iu
1317 4143 1466 4209 ecclesiis
1479 4162 1567 4222 vero,
1585 4165 1658 4226 quae
1672 4165 1808 4210 suorum
1821 4150 1910 4210 ordi·

1124 4265 1201 4310 trum
1231 4263 1295 4310 non
1311 4255 1388 4309 sunt
1409 4251 1492 4309 ultra
1512 4249 1673 4311 licentiam
1693 4267 1829 4312 suorum
1860 4269 1914 4314 su·
1937 4273 1950 4286 ’

1123 4346 1301 4426 perioram,
1313 4349 1409 4411 etiam
1425 4349 1571 4430 episcopi
1585 4348 1748 4412 licentiam
1761 4351 1861 4431 gratis
1875 4351 1913 4414 ab

1123 4465 1162 4510 eo
1179 4449 1315 4511 dandam
1333 4448 1450 4512 babere
1469 4456 1652 4525 teneantur,
1685 4451 1758 4514 sine
1787 4470 1852 4533 qua
1883 4453 1912 4513 in

1122 4546 1203 4627 ipsis
1219 4548 1366 4611 ecclesiis
1381 4565 1446 4612 non
1465 4567 1599 4612 suorum
1628 4549 1782 4614 ordinum
1800 4553 1911 4616 nullo·

1124 4647 1221 4709 modo
1245 4647 1414 4724 predicare
1431 4648 1567 4728 possint.
1600 4652 1706 4730 Atque
1733 4659 1768 4712 ut
1799 4651 1912 4715 nullus

1122 4747 1287 4810 saecularis
1308 4748 1377 4811 sive
1406 4749 1672 4830 regularisetiam
1690 4769 1825 4815 suorum
1856 4773 1910 4818 or·

1122 4849 1249 4924 dinam,
1281 4849 1519 4913 contradicente
1544 4851 1710 4931 episcopo,
1739 4836 1921 4932 predicare

1123 4958 1306 5028 praesumat.
1323 4949 1504 5030 itidemque
1533 4966 1605 5014 oum
1625 4953 1737 5016 nullus
1760 4957 1912 5020 sacerdos

1123 5047 1283 5129 regularis
1312 5051 1415 5128 possit
1440 5049 1663 5116 conlassiones
1691 5053 1911 5132 secularium,

1122 5151 1217 5213 etlam
1230 5151 1448 5225 sacerdotum,
1460 5152 1655 5228 audirenee
1669 5155 1706 5216 ad
1723 5155 1756 5218 id
1772 5155 1911 5221 idoneus

1121 5251 1276 5329 reputari,
1294 5250 1358 5312 nisi
1374 5260 1430 5312 aut
1446 5252 1628 5331 parocbiola
1647 5253 1839 5320 benelieium
1851 5257 1910 5320 ob·

1123 5351 1233 5424 tineat,
1250 5359 1305 5414 aut
1325 5350 1365 5413 ab
1381 5349 1544 5432 episeopis
1564 5369 1621 5432 per
1635 5371 1784 5428 examen,
1805 5354 1832 5418 si
1844 5355 1911 5418 illis

281 5447 341 5510 eit':
370 5454 405 5510 ut
422 5445 555 5510 aduori
582 5452 765 5511 conventus
794 5445 1005 5529 erectionem,
1032 5445 1072 5508 ad
1123 5451 1285 5514 videbitur
1306 5467 1378 5512 esse
1407 5451 1629 5514 necessarium
1659 5461 1714 5514 aut
1738 5452 1819 5517 alias
1837 5455 1912 5518 ido-

282 5548 536 5628 prrediaandum,
566 5547 605 5613 ad
641 5548 867 5612 confessiones
893 5548 1073 5611 audiendas
1123 5551 1419 5632 neusjudiceturet
1436 5552 1712 5631 approbationem,
1724 5571 1798 5636 quae
1811 5557 1911 5637 gratis

282 5648 487 5711 necessarius
503 5647 671 5729 religiosis
690 5645 775 5712 ioret
800 5663 957 5711 assensus
985 5648 1074 5712 ordi·
1123 5653 1229 5726 detur,
1252 5651 1408 5728 obtineat,
1426 5651 1609 5732 privilegiis
1627 5665 1658 5718 et
1672 5659 1911 5721 consuetudine

282 5745 380 5811 taurii.
410 5749 471 5811 sed
488 5749 666 5833 episeopus
702 5747 819 5830 nequit
833 5765 891 5830 pro
915 5747 1024 5826 libitu,
1040 5761 1073 5814 et
1122 5767 1317 5834 quacunque
1340 5762 1404 5816 nou
1421 5755 1635 5820 obstantibus.
1651 5757 1796 5822 lnnotuit
1816 5758 1910 5822 nobis

281 5846 405 5930 absque
430 5850 613 5916 rationabili
642 5867 749 5930 eausa,
779 5865 948 5918 assensum
984 5850 1071 5916 bunc
1124 5852 1346 5919 dubitationes
1390 5855 1563 5922 nonnullas
1599 5858 1682 5924 eirca
1708 5858 1909 5925 benedictio·
