4004 6458
124 419 175 486 ult
413 425 512 489 Palas
531 427 581 490 lv.
603 427 653 490 DE
673 427 811 492 REBUS.
832 449 868 466 ··
886 427 961 492 ult.
981 427 1054 491 111.
1074 426 1126 490 DE
1145 427 1260 493 ΒΟΝΙΒ
1278 427 1479 493 decuberat.
1695 429 1749 496 uta

117 536 352 614 rtiealaiit'tur,
368 553 486 618 nempe
511 538 644 610 libertas
660 541 848 624 acquirendi
876 548 907 607 et
959 541 1035 620 puio
1054 541 1323 622 appropinquavit
1347 557 1478 622 reposto
1501 542 1571 604 Dal.
1600 542 1676 605 Dico
1701 561 1754 606 ro·
1809 530 1812 536 ’

117 637 322 718 possidendi,
349 655 421 718 qun
448 657 527 702 saue
553 640 725 706 mediceris
755 656 819 706 noa
846 647 908 714 eat,
959 641 1106 725 bia,qaia
1131 642 1278 708 Sodomis
1301 642 1475 706 bonisilio
1499 642 1659 706 remissius
1683 647 1751 718 erit,

117 759 178 806 rroc
196 739 560 807 mediocritaruoatasia
572 741 767 814 necessaria,
780 747 818 805 nt
832 739 909 804 bae·
959 742 1310 825 praetitulabatur
1336 742 1484 807 Sodomis
1510 741 1681 808 remissius
1695 745 1756 808 erit

118 858 225 921 usqua
255 840 459 906 tradidimus.
491 841 576 919 Erato
607 841 653 906 ibi
679 841 860 908 damnatur.
891 863 907 902 a
960 842 1347 924 quamillioiritatiqne
1381 844 1546 924 apostolos
1575 850 1756 924 etregnam

117 941 320 1024 (leander.
340 959 410 1005 ono.
426 943 464 1004 tt.
481 941 520 1006 do
534 943 578 1006 tl.
594 949 619 1007 l.
638 943 680 1019 ll,
694 959 725 1022 p.
741 941 827 1024 abbi
960 945 1020 1008 nei
1047 962 1105 1008 sea
1128 943 1304 1008 Ecclesiam
1328 957 1393 1008 non
1410 944 1601 1025 susceperit,
1626 951 1658 1007 et
1677 945 1756 1024 ipsis

157 1044 216 1106 lll.
237 1043 327 1107 luem
345 1042 496 1122 probetur
507 1043 776 1107 communissima
801 1045 912 1106 docto·
961 1044 1036 1109 ritn
1052 1043 1233 1108 necessaria
1247 1059 1314 1106 oon
1331 1042 1509 1118 obtulerit,
1526 1041 1670 1124 proiecto
1689 1043 1756 1106 baso

117 1163 192 1208 rum
219 1161 399 1218 soaaoasu,
426 1143 579 1225 qnippe«
603 1144 686 1210 banc
715 1144 910 1209 seutentiam
961 1144 1070 1210 omnia
1085 1144 1225 1209 faciendi
1255 1145 1365 1209 atriola
1379 1144 1556 1226 etquidem
1572 1145 1755 1209 necessaria

118 1256 248 1326 tenent,
263 1247 307 1312 ait
322 1247 467 1336 Pirbing,
492 1247 553 1313 loc.
570 1249 625 1312 eit.
641 1258 676 1312 a·
690 1247 742 1324 st,
766 1264 913 1313 commu·
963 1243 1090 1309 exsistit
1106 1243 1275 1323 obligatio.

115 1352 208 1416 niter
239 1349 381 1431 theologi
413 1361 445 1417 at
463 1352 650 1426 oaaaaiste,
667 1349 814 1432 laborum
839 1351 912 1415 lon·
1001 1344 1120 1409 Christi
1137 1345 1237 1424 igitar
1262 1345 1449 1425 exemplam
1473 1350 1504 1409 et
1520 1347 1670 1409 mandata
1700 1363 1752 1411 sa-

115 1467 198 1531 gum
221 1451 402 1532 catalogum
430 1453 521 1534 ponit
547 1452 663 1528 Diana,
681 1466 716 1533 p.
734 1469 781 1527 ar,
816 1457 908 1516 tract.
963 1447 1028 1514 eati
1044 1452 1122 1510 suat
1132 1445 1268 1526 apostoli
1284 1465 1294 1523 3
1310 1445 1432 1510 deinde
1448 1461 1538 1522 rero,
1554 1461 1627 1510 oum
1642 1459 1756 1508 eorum

115 1567 169 1625 arr,
201 1551 298 1616 resol.
316 1554 440 1618 a........
455 1554 599 1619 Ecclesia
613 1553 715 1634 iffl'tur
736 1555 833 1618 babet
854 1555 910 1635 jas
962 1563 1167 1614 successores
1191 1547 1346 1610 Ecclesiae
1366 1546 1518 1626 regimini
1548 1545 1758 1627 prnlueruot,

117 1655 270 1718 naturale
300 1661 336 1720 et
364 1655 512 1720 diuinum
535 1655 729 1736 acquirendi
757 1659 788 1718 et
810 1655 914 1734 possi·
963 1651 1073 1716 eadem
1104 1650 1241 1713 omnino
1271 1647 1352 1710 ratio
1377 1663 1484 1710 rorum
1511 1646 1585 1709 fnit.
1618 1648 1758 1710 abanec

116 1753 222 1820 dandi
241 1755 913 1837 bonatemporaltaraeepotestanemtne
965 1749 1085 1815 ethnici
1114 1762 1225 1812 reram
1254 1746 1346 1826 potiti
1375 1753 1465 1820 sunt,
1496 1744 1648 1809 Ecclesia
1675 1747 1757 1808 boaa

117 1855 155 1919 in
171 1856 322 1937 suijuris
340 1873 403 1921 usn
420 1857 578 1921 moderari
594 1873 654 1922 neo
672 1855 824 1921 coarctari
842 1855 914 1918 abs·
965 1849 1142 1931 praesertim
1157 1848 1291 1912 luerunt
1314 1865 1364 1912 res
1391 1846 1539 1921 mobiles,
1556 1863 1628 1926 quae
1643 1845 1676 1907 ia
1694 1845 1759 1907 iltis

116 1973 187 2036 que
222 1956 411 2036 grauissima
453 1958 639 2039 iniquitate.
676 1957 913 2037 Proptereequa
963 1943 1224 2013 aerumnisiaoile
1249 1946 1359 2021 celari,
1378 1945 1533 2026 asportari
1555 1964 1592 2008 aa
1608 1943 1758 2008 distribui

118 2075 239 2122 omnes
255 2057 443 2138 baiusmodi
466 2066 667 2124 coarctantes
685 2064 716 2122 et
733 2059 912 2121 libertatem
966 2054 1127 2130 poterant.
1143 2049 1263 2112 Verum
1289 2055 1320 2112 et
1332 2047 1390 2111 bac
1409 2054 1599 2128 tempestate
1627 2065 1691 2110 aon
1704 2045 1760 2109 de·

118 2157 374 2224 ecelesiasticam
391 2158 615 2248 perlegeram
634 2146 914 2222 statutaledoate's
964 2149 1098 2215 luerunt
1125 2151 1209 2214 bona
1233 2150 1415 2214 immobilia
1441 2171 1449 2226 3
1482 2159 1513 2213 et
1541 2167 1618 2212 sane
1653 2149 1758 2212 edicto

116 2258 645 2340 ipsorflatoemommanifflntui,
966 2249 1171 2313 Constantini
1202 2267 1239 2313 ac
1266 2249 1396 2322 Licinii,
1424 2249 1544 2313 ethnici
1566 2250 1650 2329 iussi
1684 2254 1760 2311 suot

431 2403 548 2461 CAPUT
568 2401 593 2464 Η
965 2346 1155 2410 Christianis
1176 2363 1211 2411 ea
1230 2347 1415 2422 restituere,
1431 2365 1505 2428 num
1521 2349 1581 2412 hoc
1602 2349 1758 2428 temporis

119 2513 163 2573 De
175 2516 278 2590 eripiar
291 2524 318 2576 et
335 2517 409 2590 [osta
429 2516 557 2577 bonoram
573 2515 761 2590 temporalium
776 2514 914 2576 Ecclesioe·
966 2449 1139 2633 mergus}
1157 2447 1662 2627 rggzzgzngoffigaffinl55:²¹⁸,
1681 2449 1760 2630 Ιὲθῖἶ

165 2657 211 2720 uo
222 2656 297 2736 iuro
309 2654 462 2720 scelesta
477 2657 666 2736 acquirendi
679 2661 711 2722 et
726 2655 915 2738 possidendi
966 2657 1025 2732 395
1041 2654 1246 2717 etLaeaaar.
1264 2653 1308 2714 Dr
1326 2661 1422 2716 mort.
1437 2659 1592 2732 parerat.
1612 2671 1681 2732 capr.
1699 2653 1760 2729 labe

119 2752 380 2834 independenter
409 2755 448 2817 ab
463 2756 555 2817 omni
580 2756 726 2819 seculari
757 2762 915 2836 potestate
968 2762 999 2821 et
1013 2757 1168 2818 Marruca.
1184 2754 1240 2816 Dal
1255 2753 1367 2816 dirltto
1386 2751 1485 2815 libero
1504 2752 1623 2816 Erotes.
1643 2755 1698 2818 lib.
1725 2773 1760 2827 rr,

124 2856 297 2934 trucesque
321 2853 488 2931 dirimam
504 2872 591 2920 nunc
610 2855 650 2919 de
671 2856 816 2934 eiusdem
831 2855 916 2937 turis
968 2875 1037 2937 cap.
1051 2855 1098 2938 2.)
1115 2859 1204 2919 llala'
1220 2853 1415 2918 Christianis
1431 2872 1510 2934 pace
1540 2872 1556 2918 a
1580 2851 1763 2918 Constanti·

122 2955 298 3027 exercitio,
314 2972 373 3019 seu
389 2956 511 3036 deipsa
526 2957 744 3039 acquisitione
754 2957 915 3022 bonorum
968 2976 1022 3036 no,
1049 2958 1194 3046 Ecclesia
1218 2957 1315 3020 bonis
1337 2957 1570 3034 ‚immobilibus
1600 2958 1763 3023 obtrudere

122 3051 423 3116 ceclesiasticorum
441 3056 640 3119 tractandum
658 3063 718 3119 est.
969 3061 1077 3139 ooepit,
1095 3066 1127 3123 et
1141 3057 1239 3122 multa
1257 3057 1285 3122 ei
1305 3064 1555 3138 percontruclus
1567 3059 1652 3122 inter
1670 3059 1762 3122 vivos

164 3151 240 3231 ltus
271 3153 432 3229 Christus,
451 3161 486 3218 ul
514 3157 637 3220 dictum
657 3163 718 3235 ost,
735 3158 916 3222 oblationes
968 3159 1104 3233 tributa,
1128 3157 1227 3221 multa
1245 3165 1436 3220 testamento
1454 3157 1565 3222 relicta
1589 3165 1676 3222 sunt.
1694 3157 1760 3238 lpsi
1856 3181 1861 3196 ·

120 3251 268 3314 fidelium
287 3255 410 3334 accepit
425 3262 457 3318 et
473 3257 640 3336 possedite
661 3265 812 3338 preterea
828 3275 918 3323 man·
969 3261 1066 3324 etiam
1083 3257 1258 3322 Christiani
1282 3259 1493 3338 imperatores
1521 3271 1638 3325 certam
1666 3265 1764 3341 p'eeu-

120 3353 214 3416 darit
241 3359 274 3416 ut
289 3355 426 3433 apostoli
449 3361 594 3421 aluerant
608 3361 660 3434 ide
677 3361 866 3441 'evangelio
886 3367 917 3424 et
969 3361 1032 3424 niae
1060 3361 1124 3424 rim
1154 3377 1193 3423 ex
1217 3359 1349 3440 publico
1364 3360 1478 3424 serario
1507 3361 1660 3426 Ecclesiae
1680 3361 1763 3426 solvi

121 3457 247 3517 ederent
264 3455 442 3519 etbibrreat
462 3459 918 3542 qaoeipsisoppaaalroatero
970 3462 1155 3525 voluerunt.
1178 3461 1307 3542 (Enseu.
1338 3462 1425 3525 Hisl.
1453 3462 1474 3526 l.
1504 3483 1538 3538 x,
1569 3481 1638 3537 cair.
1668 3464 1700 3538 6,
1730 3472 1762 3527 et

122 3553 917 3642 doraibasrtcivitatibusrosseripirotibos.(Lao.
969 3561 1090 3626 Sozoa.
1121 3561 1208 3625 Hist.
1233 3561 1256 3625 l.
1289 3561 1338 3640 r.)
1365 3561 1467 3636 Quam
1488 3563 1711 3627 liberalitatem
1743 3581 1762 3627 a

121 3655 314 3732 x,⁸l,8;at
343 3655 362 3718 1
391 3657 919 3745 Cor.rx.)llndeal)ominopraa·
969 3659 1099 3726 iuliano
1115 3668 1256 3744 apostata
1284 3662 1441 3725 sublatam
1471 3663 1765 3726 Marcianusresti·

123 3763 257 3837 ceptum
273 3765 322 3820 est
338 3760 553 3825 blandientes
570 3769 598 3825 el
618 3765 811 3843 recipientes
823 3767 917 3832 lidcm
971 3765 1042 3830 luit.
1068 3763 1148 3844 (Lib.
1168 3782 1214 3827 xta
1246 3762 1336 3840 Cod,
1364 3763 1406 3825 lla
1422 3781 1541 3824 saeros.
1561 3762 1694 3844 Erotes.)
1721 3765 1761 3827 Et

125 3857 170 3920 ab
191 3858 346 3938 apostolis
362 3858 443 3939 ipsis
459 3861 638 3924 necessaria
658 3864 730 3926 ritae
756 3864 919 3944 praebeant
970 3885 1055 3948 saepe
1083 3867 1179 3930 etiam
1201 3865 1404 3929 ethnicorum
1433 3865 1551 3944 templa
1579 3881 1762 3946 eorumque

125 3975 166 4019 ex
180 3955 305 4036 iustitia
324 3973 332 4020 τ
349 3957 470 4038 Dipsas
493 3967 537 4021 eat
552 3961 630 4022 enim
649 3965 918 4042 operariuamer·
970 3967 1116 4030 redditus
1146 3964 1294 4028 eeclesiis
1332 3964 1565 4044 ascripserunt.
1595 3965 1677 4047 (Lib.
1705 3985 1753 4030 xx

124 4055 198 4120 rede
211 4076 279 4120 sua.
296 4059 384 4137 ilos.
399 4079 434 4134 x,
449 4060 492 4142 ἵ.)
509 4063 547 4124 ut
559 4062 597 4126 ad
616 4061 675 4128 boc
691 4071 916 4128 tenenturaon
970 4067 1046 4132 Cod.
1063 4065 1231 4143 litandos,
1250 4069 1293 4128 lle
1309 4065 1439 4148 papea.)

124 4165 253 4223 tantum
286 4162 403 4226 domas
431 4179 489 4226 seu
517 4163 650 4228 familiae
674 4165 829 4243 lidelium,
861 4166 918 4230 sed
1011 4171 1157 4252 altaque
1182 4167 1296 4233 civiles
1312 4170 1400 4247 leges
1420 4167 1475 4248 jus
1494 4167 1766 4250 Eccleslaancqui·

127 4265 225 4329 etiam
241 4266 385 4331 civitates
399 4283 458 4331 seu
476 4267 666 4348 respublicae
682 4277 711 4330 et
732 4285 827 4348 regna
858 4269 917 4333 ltu·
970 4271 1060 4334 rendi
1090 4274 1292 4348 agitaverant
1317 4277 1348 4330 et
1372 4269 1616 4332 confirmarunt.
1640 4291 1655 4327 r
1681 4266 1764 4352 tlib.

127 4385 238 4432 mana.
252 4367 291 4430 Ia
305 4385 518 4451 quamcunque
536 4369 692 4432 civitatem
706 4371 917 4446 intraveritis,
969 4393 1027 4438 xrrr
1043 4372 1134 4448 Cod,
1153 4370 1317 4434 Daboerrd.
1335 4367 1454 4448 instit.)

125 4478 154 4532 et
166 4471 360 4550 auaeepart‘ot
375 4489 442 4547 aas,
465 4469 649 4532 manducate
664 4489 730 4550 qua
751 4490 919 4551 oppooua-
1011 4496 1028 4535 «
1051 4475 1148 4538 initio
1162 4472 1309 4536 omniunt
1325 4469 1477 4534 Ecclesia
1502 4471 1664 4534 bonorum
1681 4486 1758 4532 cura

123 4583 182 4635 tur
195 4571 284 4634 cobis
294 4591 305 4643 ,·
317 4579 461 4635 etcurala
474 4571 627 4651 infirmos,
646 4573 745 4652 quiin
761 4569 818 4633 tlte
832 4578 917 4647 aaut,
971 4588 1002 4646 et
1018 4577 1255 4644 administratio
1281 4582 1348 4638 erat
1377 4591 1476 4653 penes
1493 4573 1691 4652 episcopam,
1708 4572 1764 4650 qui

124 4684 153 4738 cl
171 4673 266 4738 dieite
279 4672 344 4738 ttlts
357 4696 367 4736 :
382 4674 660 4754 Appropt'aquaot'l
677 4675 708 4735 in
721 4691 776 4734 aas
789 4691 918 4752 reparent
970 4682 1056 4745 ittam
1074 4693 1253 4751 (pronastro,
1278 4687 1332 4738 aut
1351 4675 1582 4738 arahidiaaono
1613 4676 1763 4736 conruit·

124 4777 185 4838 Dct'
215 4774 304 4856 (Luc
330 4793 365 4845 ¹.
384 4773 428 4852 8),
449 4773 481 4836 id
499 4785 546 4835 0⁵1
560 4771 714 4844 Ecclesissr
731 4790 803 4854 ttttae
831 4773 919 4835 (lucil
971 4783 1069 4852 lebat,
1086 4788 1115 4842 et
1136 4779 1180 4854 bi,
1207 4773 1426 4852 finitoofficia,
1444 4785 1543 4856 gestie
1560 4775 1767 4840 administra·

124 4880 164 4942 ed
194 4877 290 4940 vitam
308 4885 472 4940 aeternam.
492 4875 530 4966 lit
544 4873 630 4953 quod
660 4874 700 4936 sit
717 4874 916 4952 civitatibus,
971 4880 1070 4944 tionis
1087 4879 1243 4942 rationem
1257 4877 1410 4956 episcopo
1428 4874 1561 4938 reddere
1590 4875 1763 4938 debebant.

125 4985 225 5060 eto„
236 4975 391 5054 obligatio
405 4975 516 5038 stricta
533 4975 710 5053 recipiendi
738 4975 917 5040 Ecclesiam
969 4983 1059 5046 llrrus
1076 4989 1144 5056 erat
1164 4997 1276 5045 eorum
1297 4981 1455 5042 bonorum
1482 4975 1645 5053 cumulas,
1680 4977 1765 5039 unde

124 5095 186 5142 sen
231 5078 405 5158 apostolos,
433 5076 650 5155 Ecclesiaeque
682 5086 919 5157 consequenter
970 5084 1141 5150 alebantur
1159 5079 1518 5161 episcopusetclerici,
1543 5079 1598 5158 qui
1614 5077 1766 5140 Ecclesiae
1833 5079 1876 5144 ’.
1998 5059 1999 5070 ’

126 5179 311 5244 necessaria
343 5177 529 5259 temporalia
558 5177 738 5257 prasenti,
769 5179 918 5245 Christus
971 5196 1060 5250 erant
1091 5183 1224 5256 addicti,
1244 5198 1400 5263 pauperes
1432 5196 1525 5260 opem
1552 5179 1765 5258 accipiebant,

126 5284 326 5346 dernoastrat
352 5298 411 5359 por
425 5279 645 5362 gravissimam
668 5299 791 5360 paenam
822 5303 918 5365 quam
970 5287 1222 5352 detrahebantur
1245 5283 1412 5360 impensae,
1445 5297 1526 5362 quas
1544 5297 1602 5360 pro
1615 5279 1766 5342 Ecclesiae

127 5383 244 5446 rebelli
261 5381 384 5446 civitati
404 5382 544 5446 minatus
569 5389 616 5446 est
632 5391 663 5444 et
684 5383 837 5447 decrevit.
866 5385 919 5450 Ait
971 5383 1101 5458 lubrica,
1129 5386 1257 5454 ornatu,
1274 5379 1478 5458 supellectile
1494 5381 1683 5456 oratorisque
1717 5396 1766 5438 ra-

127 5483 231 5556 eaim,
259 5481 338 5544 Luc.
358 5499 392 5552 x,
419 5481 457 5544 10
473 5489 503 5543 et
520 5481 681 5561 seq.:1a
708 5500 922 5564 quotacunque
972 5486 1031 5551 bus
1047 5485 1150 5547 lacere
1165 5480 1343 5560 oportebat.
1361 5480 1473 5542 Postea
1495 5480 1600 5540 visum
1618 5489 1666 5540 est
1681 5478 1764 5540 bona
1875 5525 1879 5530 .
1998 5509 1999 5560 l

126 5591 229 5645 autem
246 5582 404 5646 civitatem
427 5583 634 5654 intraveritis,
652 5592 680 5644 et
694 5603 756 5645 aon
781 5603 921 5664 rascape·
972 5583 1186 5649 ecclesiastica
1203 5582 1235 5642 in
1251 5589 1353 5644 certas
1382 5578 1482 5642 veluti
1499 5587 1603 5660 partes
1620 5579 1765 5641 dividar-u

126 5687 194 5749 rint
221 5705 289 5762 aas,
316 5693 459 5746 exeuntes
490 5686 523 5748 ia
547 5683 668 5766 plateas
697 5687 761 5766 ejas
790 5687 920 5750 dicite:
973 5696 1004 5754 et
1028 5705 1084 5749 sua
1105 5683 1271 5765 episcope,
1289 5701 1347 5746 sna
1363 5681 1501 5758 clericis,
1517 5699 1575 5744 sua
1591 5680 1668 5744 item
1686 5699 1766 5761 pea-

125 5780 493 5868 assumptionemque·
510 5785 737 5848 adltasitaobis
750 5787 922 5850 decivitate
973 5786 1118 5868 poribus,
1135 5801 1192 5846 sun
1207 5784 1349 5866 denique
1370 5782 1522 5848 Ecclesiae
1546 5781 1674 5846 lubricas
1691 5797 1766 5864 pars

128 5897 231 5949 oestro
247 5933 255 5962 ,
271 5887 462 5966 enlcrpirnua
476 5888 509 5948 io
524 5906 599 5950 nos:
614 5887 780 5951 lamonitas
796 5889 918 5962 scitota,
976 5887 1125 5952 attribula
1143 5891 1202 5950 esi.
