4042 6458
104 389 151 456 521
417 384 515 450 PARS
532 384 589 448 111.
613 385 662 448 DE
684 384 881 449 PERSONlS.
897 407 936 424 ··
953 386 1028 449 ΗΒ.
1048 388 1100 451 11.
1125 388 1173 451 DE
1193 387 1332 463 ultera,
1356 387 1436 451 ETC.
1685 387 1739 453 bii

101 502 169 581 ipsa
193 497 369 580 possessis.
391 499 478 576 illac
501 498 670 584 conclusio
696 507 745 563 ast
768 499 810 562 de
834 499 895 565 lide
950 500 1010 561 ctis
1026 501 1066 564 de
1078 499 1193 565 heresi
1208 497 1431 573 Wiclessii,his
1446 495 1739 562 terministlltrum

99 599 206 682 quoad
222 614 337 662 omnes
352 595 494 678 partes.)
950 601 1058 663 credat
1089 601 1172 681 quad
1198 603 1392 682 auferentes,
1415 597 1557 662 tollentes
1587 609 1617 662 ct
1651 601 1739 662 inua-

140 704 170 762 1.
186 701 236 766 lix
251 697 456 762 damnatione
470 713 528 778 per
544 698 636 760 ioan.
655 696 749 760 xxti
769 696 804 761 in
830 713 889 761 ex·
948 696 1056 759 denter
1077 697 1158 760 oona
1182 699 1254 778 ipro
1269 697 1479 760 ecclesiastico
1499 697 1565 759 siat
1591 706 1740 777 tanquam

100 810 176 864 trau.
202 801 281 864 Cum
306 801 393 863 inter
410 801 582 862 nonnullos
606 799 644 871 t,
662 806 693 862 ct
711 798 793 875 Quia
817 817 896 879 quc·
950 794 1099 876 socrilcqr'
1131 796 1307 876 pocicodi,
1339 797 1462 859 etiamsi
1491 795 1570 857 mole
1599 797 1740 858 cluerent

99 899 245 964 rumdam
259 903 289 976 5,
307 900 355 962 tit.
368 918 423 964 xrv
439 898 671 980 propositionis
687 908 722 962 ut
736 899 894 964 hereticae
948 910 1090 975 parona
1111 898 1328 961 ecclesiastica
1341 897 1422 960 borso
1441 897 1623 978 hujusmodi
1632 900 1737 979 porsi-

99 1008 139 1064 da
162 1007 348 1082 paupertate
366 998 484 1064 Christi
500 1005 531 1061 et
545 998 778 1078 apostolorum,
798 998 897 1080 bajus
950 996 1069 1060 deuter.
1090 1000 1170 1063 llam
1189 1019 1197 1058 ε
1216 1000 1325 1063 Utrum
1335 998 1442 1063 aedat
1460 999 1544 1079 quod
1559 1000 1739 1081 tuscanam·

99 1101 226 1164 tenoris
251 1123 261 1162 ι
287 1098 466 1164 «Christus
482 1104 512 1160 et
526 1095 686 1177 apostoli,
705 1095 740 1162 iu
761 1097 803 1160 iis
826 1114 898 1178 quas
949 1097 1067 1162 oblatio
1082 1106 1113 1161 ct
1128 1099 1250 1184 incocto
1265 1099 1440 1180 cuicunque
1463 1100 1740 1175 sacerdotiumne

101 1199 259 1266 babuisse
281 1199 451 1280 leguntur,
474 1204 597 1262 tautum
618 1196 799 1260 babuerunt
823 1196 896 1260 abs·
950 1197 1030 1261 mole
1056 1201 1190 1272 cluenti,
1217 1208 1346 1275 lemae,
1380 1201 1429 1261 ael
1452 1201 1606 1264 uiolenter
1634 1203 1737 1282 sacto,

99 1317 166 1379 que
192 1299 268 1380 jure
290 1299 404 1380 aliquo
430 1297 609 1378 simplicem
640 1313 736 1360 usum
761 1295 847 1360 iacti.
881 1321 895 1356 s
950 1298 999 1361 cet
1018 1297 1109 1360 illota
1132 1297 1262 1360 inducat
1287 1295 1500 1376 scerilcqr'am.
1517 1301 1659 1380 ideoque
1680 1301 1740 1382 qui

101 1401 265 1464 Elatiam
292 1415 332 1462 ex
361 1397 566 1460 damnatione
596 1413 653 1476 per
681 1397 843 1460 Urbanum
870 1399 896 1460 V
950 1397 1107 1462 affirmant
1126 1397 1215 1479 quod
1240 1395 1441 1470 auferentes,
1458 1397 1607 1462 tollentes
1632 1407 1663 1464 et
1685 1402 1739 1464 in·

99 1499 368 1581 propositionum
380 1497 528 1578 Dionysii
544 1495 689 1560 Soleubat
713 1494 898 1562 aFraticel-
954 1498 1103 1567 radentes
1131 1499 1212 1563 boua
1240 1500 1309 1580 ipsa
1339 1500 1555 1563 ecclesiastica
1583 1518 1647 1565 non
1675 1501 1740 1564 sint

107 1601 334 1673 lorumsecla3
350 1597 426 1660 item
441 1614 482 1660 ex
497 1596 703 1659 damnatione
721 1613 779 1674 per
801 1611 899 1676 syno-
951 1606 1102 1677 tanquam
1128 1598 1276 1679 sacrilegi
1300 1599 1477 1678 puniendi,
1494 1607 1550 1664 aut
1574 1600 1631 1681 qui
1653 1601 1739 1664 ritu·

99 1699 178 1761 dum
196 1695 477 1760 constantiensem
492 1701 522 1756 et
538 1693 709 1756 ldartinurn
724 1692 897 1756 Vtoanuis
951 1706 1063 1777 perant
1088 1715 1252 1762 summurn
1279 1697 1462 1778 pontificem
1490 1697 1638 1779 eoquod
1666 1698 1740 1760 talia

99 1798 259 1864 Wielallli
276 1799 536 1881 propositionum
556 1799 611 1873 11),
627 1797 682 1869 32,
698 1798 754 1872 33,
773 1798 829 1874 36,
844 1798 895 1882 33.
952 1805 1084 1878 agentes
1110 1798 1389 1871 excommunicet,
1419 1816 1527 1879 noque
1552 1799 1601 1861 eis
1637 1798 1740 1876 cedat,

101 1899 250 1979 ideoque
278 1901 336 1980 qui
361 1906 478 1978 negant
503 1897 559 1977 jus
581 1896 730 1960 divinum
747 1896 898 1961 Ecclesia
951 1897 1092 1976 suspecti
1115 1905 1192 1961 suut
1211 1898 1250 1960 de
1273 1897 1385 1961 lleresi
1410 1895 1576 1975 Wiclellii,
1595 1907 1626 1960 et
1650 1897 1678 1959 si
1706 1898 1741 1961 iu

101 1993 247 2062 habendi
263 2006 295 2060 et
321 1997 509 2078 possidendi
529 1996 612 2060 bona
633 2004 663 2057 et
681 1995 756 2075 jura
771 2003 897 2072 tempo·
949 1993 1066 2057 iisdem
1091 1995 1327 2059 assertionibus
1353 1995 1560 2074 pertinaciter
1589 2013 1742 2077 perseve-

102 2097 196 2172 ralia,
214 2107 292 2162 sunt
306 2096 461 2171 haeretici,
478 2104 508 2160 et
523 2095 644 2159 anullo
657 2095 722 2159 uisi
739 2110 898 2158 asummo
951 2101 1044 2169 rent,
1064 2099 1232 2175 nequeunt
1245 2094 1364 2159 anullo
1377 2093 1443 2159 alie
1453 2112 1550 2176 quam
1566 2114 1582 2158 a
1596 2099 1740 2160 Romano

99 2199 277 2277 pontifice,
303 2204 515 2278 preterquam
540 2195 574 2257 in
601 2194 738 2258 articulo
765 2195 897 2270 mortis,
951 2195 1118 2275 pontifice,
1147 2202 1359 2276 preterquam
1386 2196 1419 2258 in
1443 2197 1579 2261 articulo
1608 2198 1740 2273 mortis,

98 2299 230 2364 absolri
247 2305 404 2379 possunt;
431 2296 683 2376 sacerdotesque
706 2311 900 2375 presumeu·
951 2295 1094 2372 absolri3
1118 2296 1365 2374 sacerdotesque
1393 2296 1443 2361 rel
1469 2297 1564 2360 etiarn
1596 2299 1741 2379 episcopi

99 2403 152 2460 tes
168 2411 229 2460 eos
245 2397 435 2472 absolvere,
461 2395 613 2476 majorem
638 2393 900 2457 excommunica·
952 2392 1031 2458 tales
1055 2394 1223 2459 absolvere
1246 2402 1496 2474 presumentes,
1522 2397 1676 2477 majorem
1709 2406 1741 2461 et

102 2496 232 2558 tionem
266 2496 436 2560 incurrunt
467 2512 507 2558 ex
533 2493 623 2560 bulla
655 2491 831 2556 Postcrolr'r
864 2491 898 2556 iu
953 2501 1147 2558 reservatam
1162 2494 1531 2560 excommunicationem
1553 2496 1739 2576 incurrunt,

101 2596 227 2660 Conna.
470 2633 472 2638 ·
952 2610 992 2658 ex
1017 2594 1105 2657 bulla
1122 2594 1232 2660 oona.

142 2695 176 2756 2.
202 2695 251 2756 lix
265 2707 335 2772 cap.
348 2707 444 2772 supra
457 2689 512 2754 cil.
526 2689 605 2756 Cum
617 2690 702 2753 iuter
717 2689 899 2764 nonnullos,
991 2694 1022 2758 l.
1044 2697 1091 2758 Ex
1109 2696 1261 2759 omuibus
1276 2693 1393 2776 positis
1416 2693 1593 2776 premissis
1608 2695 1743 2762 deduci·

102 2800 272 2873 attolas·
286 2795 380 2856 10³⁰·
397 2790 506 2866 ΧΧΙΙ,
521 2791 561 2852 de
574 2790 634 2853 fido
647 2796 695 2852 est
709 2807 725 2844 a
739 2787 899 2851 Christum
953 2800 1006 2856 tur
1026 2793 1089 2859 alia
1104 2795 1248 2876 rigoroso
1262 2802 1293 2859 et
1308 2793 1398 2859 raldo
1410 2796 1550 2859 notanda
1561 2796 1740 2874 conclusio,

102 2892 248 2973 ejusque
271 2891 455 2972 apostolos,
481 2891 514 2952 ld
542 2899 591 2953 est
614 2887 814 2964 Ecclesiam,
841 2887 899 2950 ba·
953 2891 1078 2956 scilicet
1101 2893 1188 2974 qued
1214 2894 1270 2973 J'us
1293 2893 1500 2975 proprietatis
1523 2893 1675 2958 Ecclesia
1698 2897 1743 2960 sit

68 3005 74 3016 ·
103 2993 222 3056 baisse
245 3009 320 3056 cum
343 2992 440 3071 pleno
462 2990 536 3072 jure
564 2989 696 3069 aliqua,
725 2987 839 3052 saltem
866 2987 899 3051 in
949 2992 1005 3074 jus
1029 3010 1234 3073 supremum,
1260 3010 1332 3057 curu
1360 2993 1404 3056 sit
1428 2993 1467 3056 ab
1489 2994 1579 3058 omni
1603 2996 1743 3062 bumana

102 3097 287 3162 communi.
312 3118 327 3155 s
357 3099 440 3174 Ergo
462 3094 502 3159 do
519 3093 580 3157 lide
595 3099 718 3156 certum
741 3089 900 3170 estquod
952 3100 1125 3172 potestate,
1142 3093 1182 3156 ab
1199 3091 1566 3157 omnibussacularium
1589 3092 1743 3160 ciuilibus

103 3197 272 3271 Ecclesia,
293 3202 387 3275 prout
404 3189 900 3265 estsocletasdivino-bumana,
953 3190 1082 3271 legibus
1111 3192 1349 3270 independens.
1380 3191 1450 3255 Etsi
1479 3190 1578 3272 igitur
1609 3192 1744 3258 minima

102 3296 194 3360 bona
225 3312 282 3359 sua
304 3293 500 3373 ,reciperatis
530 3292 570 3355 dc
594 3292 669 3372 Jure
692 3289 806 3353 divino
829 3303 903 3366 pos·
953 3293 1053 3357 luerit
1083 3292 1231 3357 Ecclesia
1258 3291 1454 3373 proprietas,
1487 3293 1613 3356 etiarnsi
1641 3311 1744 3360 uuum

103 3399 226 3460 sideat.
244 3429 284 3442 -
299 3395 443 3474 ideoque
471 3395 682 3457 assertionem
710 3389 901 3454 contrariam
954 3398 1076 3456 tantum
1090 3391 1741 3472 agelluminuniversoorbapossideret,

103 3497 309 3577 pertinacem
333 3502 480 3558 tenentos
496 3501 527 3557 et
542 3491 735 3554 affirmantes
751 3498 828 3552 sunt
842 3486 903 3549 ba-
954 3491 1043 3554 hunc
1058 3495 1089 3554 ri
1104 3490 1190 3572 juris
1212 3491 1265 3552 sui
1287 3491 1451 3571 supremi,
1468 3491 1624 3556 naturalis
1645 3500 1676 3557 et
1694 3493 1744 3556 di·

105 3597 225 3674 retici,
246 3603 278 3661 et
292 3601 458 3678 nequeunt
476 3610 495 3657 a
512 3592 604 3655 nullo
619 3591 684 3655 alio
699 3605 794 3670 quam
808 3605 827 3650 a
840 3588 904 3650 llo·
953 3587 1021 3651 vini
1037 3587 1205 3667 proprium
1220 3586 1364 3656 haberet.

105 3714 208 3760 mano
240 3695 387 3776 pontifice
414 3691 560 3768 absolui,
594 3689 659 3754 nisi
689 3689 723 3752 iu
757 3685 902 3768 periculo
994 3686 1107 3768 ltaque
1129 3702 1334 3768 quaecuuque
1359 3687 1565 3768 proprietatis
1590 3689 1743 3754 Ecclesia

105 3797 246 3872 mortis,
265 3801 500 3875 consequenter
520 3792 703 3856 sacerdotes
726 3795 782 3851 aut
806 3785 902 3849 atium
956 3785 1088 3850 violatio
1117 3792 1289 3850 attentatur
1319 3783 1387 3868 juri
1423 3788 1645 3868 supremaria,
1672 3790 1742 3872 juri

106 3896 259 3976 episcopi
283 3901 514 3974 praesumentes
531 3891 665 3955 eosdem
680 3889 802 3967 absque
822 3901 904 3965 pon·
954 3893 1093 3962 aterno,
1113 3883 1182 3967 juri
1203 3886 1333 3967 proprio
1351 3887 1412 3952 llei
1437 3887 1560 3968 ipsius,
1579 3889 1637 3970 qui
1656 3890 1743 3954 indi-

107 3997 211 4059 tificia
233 3992 384 4058 facultate
407 3989 597 4063 absolvere,
617 3985 772 4066 majorem
793 3989 825 4046 et
848 3999 902 4046 ra·
956 3985 1051 4048 risim
1075 4001 1149 4048 cum
1168 3984 1313 4048 Ecclesia
1339 3985 1503 4064 possidet;
1528 3987 1645 4067 triplex
1669 3989 1741 4054 rio·

101 4101 273 4158 aerratam
308 4087 675 4155 excommunicationem
713 4084 902 4158 incurrunt,
955 4085 1034 4150 latio
1055 4103 1127 4165 qua
1151 4100 1215 4148 uon
1239 4089 1364 4149 tantum
1388 4083 1510 4148 lurtum
1533 4093 1564 4150 et
1588 4085 1742 4167 injuriam

108 4211 153 4256 ex
172 4192 261 4255 bulla
278 4185 455 4251 Pesrorolir
474 4186 508 4249 in
523 4186 644 4249 Conna.
956 4201 1030 4249 cum
1045 4183 1258 4248 restitutionis
1277 4183 1492 4264 obligatione,
1508 4186 1566 4249 sed
1582 4187 1677 4251 etiam
1692 4204 1744 4253 sa·

150 4297 187 4357 3.
203 4297 251 4357 De
271 4292 331 4356 tide
350 4297 398 4354 est
420 4287 595 4354 Ecclesiam
609 4281 693 4367 tjure
716 4283 827 4349 divino
848 4285 905 4348 ba·
956 4283 1082 4364 crilegii
1098 4283 1221 4347 crimen
1234 4282 1422 4354 constituit,
1439 4289 1470 4348 et
1484 4286 1743 4352 excommunica·

109 4397 194 4461 bere
210 4395 390 4476 plenumst
413 4389 609 4470 perlectum,
630 4388 697 4449 imo
714 4400 904 4463 supremum
956 4385 1055 4450 tionis
1077 4390 1248 4449 reservata
1268 4398 1390 4462 prauam
1414 4381 1488 4463 ipso
1511 4382 1595 4449 lacto
1617 4393 1648 4450 ct
1667 4387 1743 4469 jure

110 4505 143 4560 et
163 4501 380 4572 exemptuma
394 4487 541 4554 seculari
555 4492 709 4567 potestate
721 4483 904 4547 dominium
957 4483 1107 4548 incurrit.
1764 4537 1773 4596 ί

110 4597 147 4659 in
166 4593 262 4657 bouis
287 4598 319 4656 et
345 4590 475 4672 juribus
507 4585 739 4667 temporalibus
765 4583 805 4646 ab
834 4582 905 4664 ipsa
995 4582 1126 4647 Prolata
1153 4579 1312 4662 principia
1334 4585 1451 4644 sancta
1468 4579 1557 4645 sedis
1581 4588 1743 4663 tempora·

110 4693 290 4776 possessis.
307 4725 348 4740 -
362 4693 394 4754 1·
416 4691 464 4754 Ex
477 4692 694 4766 extravagant.
716 4685 795 4747 cum
821 4685 905 4747 teter
956 4684 1005 4747 les
1024 4689 1125 4748 status
1140 4681 1253 4746 eedem
1267 4679 1364 4744 modo
1375 4696 1412 4744 ac
1429 4679 1578 4745 minimas
1592 4683 1745 4750 Ecclesia

109 4793 288 4857 consultor
304 4792 335 4868 l,
350 4797 382 4854 et
396 4789 481 4868 Quia
499 4783 758 4870 quorumdem-b,
784 4782 833 4847 tit.
848 4799 905 4846 xrr
957 4783 1170 4865 proprietates
1185 4781 1219 4846 iu
1231 4796 1425 4861 quacunque
1440 4780 1553 4844 muudi
1566 4789 1654 4862 parte
1664 4783 1745 4848 sitas

112 4899 211 4958 loau.
228 4893 338 4967 xilll;
353 4892 386 4953 2·
401 4893 446 4953 Ex
457 4885 661 4952 damnatione
674 4881 906 4964 propositionis
958 4889 1087 4964 regunt.
1102 4881 1226 4945 Exinde
1242 4877 1330 4959 quod
1344 4877 1497 4945 Ecclesia
1511 4881 1688 4959 proprietas
1703 4882 1746 4945 sit

112 4995 256 5064 Marsilii
272 4991 417 5058 Patavini
432 4989 654 5070 supracitata,
670 4987 702 5049 3·
720 5005 760 5050 ex
777 4987 906 5051 damna·
954 4983 1010 5064 jus
1026 4981 1172 5068 naturale
1194 4996 1381 5059 supremum
1397 4985 1429 5042 et
1444 4979 1609 5058 divinum,
1630 4996 1747 5045 consa·

112 5086 610 5176 tionepropos.loan.Wiclellii
622 5085 907 5167 lbperconrilium
959 5083 1070 5165 quitur
1084 5082 1184 5148 solam
1202 5080 1376 5144 Ecclesiam
1394 5097 1489 5161 posse
1504 5098 1653 5146 exercere
1671 5083 1747 5163 jnra

112 5199 364 5264 constantiense
375 5204 406 5260 ct
417 5193 592 5258 Martinam
604 5187 748 5267 V,hujus
759 5187 906 5250 tenoris:
959 5199 1119 5263 supremae
1134 5180 1300 5261 potestatis
1315 5186 1346 5243 et
1367 5179 1557 5260 gubernatio
1578 5179 1612 5242 iu
1632 5195 1747 5244 omnes

114 5323 131 5360 a
157 5297 291 5362 Ecminl
312 5293 504 5375 temporales
528 5295 664 5368 possunt
682 5287 722 5350 ad
738 5286 908 5349 arbitrium
959 5282 1138 5346 incolentes
1160 5280 1195 5344 in
1219 5279 1358 5344 dirersis
1379 5278 1552 5342 territoriis
1578 5279 1618 5342 ad
1643 5280 1746 5359 ipsam

115 5413 218 5463 suum
233 5395 360 5460 auferre
374 5395 457 5456 bona
472 5388 661 5470 temporatia
677 5389 718 5451 ab
743 5384 906 5460 Ecclesia,
960 5378 1210 5462 pertinentibus.

117 5487 603 5580 possessiouatis'habitualiter
627 5481 907 5563 delinquentibus,
971 5463 1064 5541 ines
1089 5492 1161 5540 cum
1194 5476 1239 5539 ita
1262 5472 1347 5546 sint,
1372 5471 1472 5554 idque
1505 5487 1600 5536 nemo
1623 5488 1748 5554 negare

116 5598 153 5660 itt
170 5603 219 5660 est
232 5611 273 5658 ax
287 5591 412 5664 habitu,
428 5604 493 5652 non
507 5586 613 5650 solum
628 5592 701 5648 actu
715 5580 910 5659 deliuquen-
961 5578 1086 5661 possit,
1104 5576 1170 5641 uisl
1202 5575 1306 5656 ipsam
1321 5571 1476 5638 Ecclesia
1491 5573 1666 5636 essentiam
1689 5574 1749 5638 de·

117 5703 219 5760 trous.
239 5717 254 5754 s
273 5725 312 5744 -
326 5693 408 5755 ltem
423 5705 463 5751 ex
475 5685 616 5752 formula
639 5683 713 5748 lidol
730 5698 788 5762 per
801 5677 910 5744 llarti·
962 5678 1132 5753 struendo,
1149 5673 1408 5742 concludendum
1424 5679 1472 5737 est
1489 5674 1611 5738 nullam
1632 5691 1750 5757 supra·

119 5811 201 5860 num
221 5790 429 5870 v,au.1tla
456 5785 607 5868 imposita
623 5781 777 5850 omuibus
792 5795 908 5861 suspe·
964 5779 1094 5847 mariam
1111 5776 1321 5859 temporalem
1333 5781 1371 5860 ,et
1391 5773 1519 5842 civilem
1536 5775 1657 5841 melius
1673 5791 1748 5842 esso

219 5895 279 5960 lua
291 5906 489 5961 monicus.
508 5889 548 5953 ll.
1572 5875 1607 5946 ll
