4042 6458
296 309 347 374 tti
817 303 931 368 saints
949 302 1129 366 canonici
1149 303 1415 368 OOMPENDthl.

291 442 357 508 qua
382 422 528 487 mandata
557 427 588 484 et
613 418 790 483 sententias
816 419 892 481 dare
927 427 958 480 et
984 435 1078 480 erse·
1135 415 1918 497 artushumannscumintelligentia,cognitione
1979 473 1980 480 ,

292 525 402 607 qui.»
433 524 490 605 (lta
509 523 668 592 Brennus,
684 517 770 582 Sum.
787 517 920 597 theolog.
946 517 990 578 be
1006 517 1082 598 jare
1138 528 1170 584 et
1196 521 1394 583 conscientia
1424 518 1564 582 elicitus.
1594 517 1691 596 atqui
1723 513 1839 594 plebes
1866 535 1919 584 non

294 637 323 690 et
333 625 476 709 justitio,
495 621 685 702 quaesatio.)
1137 617 1333 682 sufficienler
1359 624 1557 700 cognoscunt
1582 615 1646 678 nisi
1663 631 1747 678 snos
1761 617 1921 694 concires;

334 727 388 788 lv.
410 721 599 787 monarchia
620 730 793 801 temperato
812 725 862 782 est
882 717 1027 800 regimen
1043 737 1084 783 ex
1137 717 1278 798 ideoque
1306 725 1473 798 nequeant
1502 733 1542 780 ex
1572 715 1763 797 cognitione
1793 720 1824 777 et
1853 734 1921 780 ‹ron-
1979 781 1980 800 ἶ

294 825 369 888 aliis
393 821 598 888 commistum
622 819 709 901 quod
733 827 782 884 est
805 819 961 898 optimum
985 827 1086 884 etse·
1138 818 1275 882 scientia
1315 826 1485 881 extraneos
1520 817 1652 896 eligere.
1691 815 1921 880 Extraneorun
1979 827 1980 896 l

294 924 437 988 cundum
453 921 514 984 hoc
534 921 675 985 sumitur
690 920 742 983 lex
756 939 847 998 qoam
861 923 993 999 umjores
1008 929 1086 982 noto
1139 935 1196 998 per
1223 917 1332 998 plebes
1361 917 1477 980 electio
1504 924 1553 980 est
1580 899 1669 980 actus
1698 914 1847 978 hominis
1874 933 1922 982 sou

294 1017 390 1082 simol
403 1036 473 1080 cum
485 1017 629 1098 plebibus
643 1027 832 1090 rauscerat,
850 1023 884 1079 ut
895 1035 933 1078 ex
947 1016 1084 1092 lsidoro,
1140 1036 1227 1082 mere
1244 1019 1405 1095 animalis,
1422 1020 1478 1100 qrri
1499 1035 1516 1082 a
1533 1018 1607 1099 jure
1633 1017 1778 1082 naturali
1794 1025 1826 1079 et
1840 1019 1922 1082 etiam
1979 1023 1980 1082 l

295 1118 352 1181 lib.
374 1137 392 1180 r
413 1116 552 1195 Etpmol.
570 1119 672 1192 e.10;
695 1124 726 1179 et
741 1133 810 1196 cap.
833 1115 900 1179 Lao·
916 1118 945 1189 1,
963 1117 1039 1180 dist.
1054 1119 1085 1191 2,
1139 1118 1251 1181 divino
1267 1120 1306 1183 ab
1327 1117 1417 1182 omni
1441 1118 1687 1200 gubernatione,
1713 1133 1793 1197 quas
1815 1129 1860 1180 est
1881 1139 1922 1184 res

296 1219 509 1285 dieitsanotus
525 1218 676 1292 Thomas,
692 1217 756 1289 1-2,
771 1223 884 1297 quest.
902 1217 965 1291 95,
982 1224 1040 1278 art.
1055 1217 1085 1280 l.
1141 1217 1279 1281 maxima
1319 1213 1462 1291 moralis,
1492 1215 1672 1296 repellitur.
1715 1215 1807 1278 llinc
1853 1227 1924 1294 patet

295 1319 482 1382 Monarcbia
508 1323 681 1397 temperata
702 1321 750 1379 est
771 1332 847 1378 uera
870 1313 1088 1396 legisnatnrse
1140 1314 1330 1396 suffragium
1358 1314 1498 1379 nationis
1527 1313 1715 1377 universale
1750 1312 1791 1376 ad
1821 1313 1924 1393 guber·
1979 1319 1980 1370 ἲ

298 1417 495 1483 monarchia.
524 1419 603 1482 llam
623 1417 664 1481 de
686 1433 743 1480 sua
761 1425 874 1480 natura
891 1423 939 1479 est
956 1415 1090 1482 heredi·
1140 1415 1232 1479 nium
1251 1415 1453 1497 eligendum,
1470 1415 1538 1477 sire
1557 1415 1596 1478 ad
1612 1415 1755 1495 majores
1770 1416 1924 1493 deputatos

297 1517 376 1581 tario
409 1525 441 1581 et
467 1535 577 1581 secum
605 1525 722 1580 certam
750 1516 820 1580 sire
855 1515 1088 1580 hereditariam
1142 1515 1325 1598 prolegum
1350 1513 1552 1579 coniectione
1576 1533 1637 1579 seu
1662 1515 1812 1578 arationis
1835 1518 1923 1579 admi·

298 1620 369 1682 siva
398 1618 563 1684 electiram
594 1618 822 1681 aristocratiam
850 1615 1089 1680 subordinatum
1143 1615 1333 1679 nistratione
1356 1615 1571 1679 nominandos
1597 1633 1669 1679 esse
1693 1615 1826 1695 aliquid
1844 1633 1924 1678 mon-

190 1793 194 1802 *
300 1718 406 1783 trabit.
428 1718 621 1801 Huiusmodi
650 1717 814 1798 potestatis
841 1715 941 1780 lorma
967 1722 1016 1779 est
1035 1715 1090 1779 illa
1142 1723 1308 1781 strnosam
1341 1717 1430 1781 omni
1461 1715 1529 1797 juri
1561 1723 1592 1779 et
1619 1716 1764 1797 justitie
1793 1717 1873 1780 siout
1900 1732 1923 1781 et

300 1835 374 1898 qum
401 1821 504 1901 magis
537 1818 777 1900 approximatur
800 1816 939 1881 nutrirali
961 1817 1092 1882 familias
1144 1819 1261 1883 rationi
1279 1817 1475 1898 oppositum,
1498 1835 1571 1882 cum
1588 1819 1630 1880 sit
1644 1827 1739 1882 actus
1755 1817 1924 1882 hominiset
1979 1883 1980 1890 ,

301 1917 449 1982 hnmanae
465 1918 710 1992 constitutioni3
736 1935 771 1982 re
795 1917 883 1981 enim
903 1921 972 1998 ipsa
987 1919 1091 1982 histo·
1144 1919 1403 1986 mereanimalis.
1416 1919 1527 1990 Plebes
1541 1919 1762 2000 igiturvoeari
1776 1931 1924 2000 nequeunt
1979 1915 1980 2008 l

302 2019 367 2082 rice
382 2019 536 2082 successit
552 2020 635 2097 apud
649 2035 763 2082 omnes
778 2019 914 2100 populos
928 2020 1093 2100 primitivo
1144 2022 1209 2085 nisi
1238 2021 1276 2084 ad
1306 2021 1476 2102 eligendos
1502 2021 1587 2084 inter
1615 2036 1693 2083 suos
1723 2019 1872 2084 concives
1894 2025 1925 2086 ab
1979 2017 1980 2072 l

302 2135 361 2182 seu
378 2118 579 2196 patriarchali
596 2119 766 2200 gubernio,
783 2121 870 2200 quod
886 2122 994 2201 ipsum
1009 2123 1092 2186 nihil
1145 2123 1227 2202 ipsis
1260 2129 1353 2186 notos
1378 2121 1447 2186 sire
1471 2121 1611 2185 civitatis
1638 2122 1924 2195 administratores,

302 2218 390 2281 aliud
410 2217 472 2280 luit
490 2236 586 2299 quam
607 2219 712 2297 ipsius
729 2226 761 2282 et
785 2220 942 2285 naturalis
966 2221 1096 2288 familie
1145 2219 1215 2283 sive
1240 2222 1409 2300 deputatos
1433 2221 1490 2300 qni
1515 2219 1579 2299 ipsi
1603 2218 1667 2283 sint
1682 2219 1799 2284 idonei
1814 2223 1850 2283 ad
1870 2239 1924 2284 ma·

302 2316 548 2380 incrementum.
566 2317 735 2383 monarcha
748 2337 807 2383 seu
822 2339 876 2384 rex
893 2331 942 2386 est
956 2326 1095 2388 nationis
1142 2319 1231 2398 iocos
1268 2319 1443 2397 provincio
1473 2317 1641 2397 deputatos
1676 2319 1865 2398 eligendos,
1895 2339 1923 2384 ea

304 2427 403 2494 perer,
420 2418 583 2500 legistator
602 2427 633 2480 or
649 2420 948 2500 judexsapiemus,
964 2432 1050 2489 rotor
1065 2435 1097 2490 st
1147 2431 1274 2494 semper
1298 2415 1483 2480 conditione
1509 2423 1544 2480 ar
1568 2415 1677 2479 omnis
1704 2415 1824 2480 electio
1837 2433 1873 2480 ex
1884 2418 1924 2481 in·

304 2517 466 2592 detonsos
483 2527 514 2582 at
528 2537 603 2584 roro
617 2537 682 2584 non
699 2528 747 2584 est
760 2524 908 2588 ansoiore
931 2525 1095 2603 nominos,
1146 2515 1335 2597 telligenrir,
1351 2517 1485 2582 seientia
1500 2525 1530 2581 el
1544 2519 1744 2582 conscientie
1760 2520 1822 2582 aar.

304 2635 370 2680 non
390 2619 480 2682 solos
501 2621 667 2700 gubernat.
697 2622 901 2688 aristocratia
916 2625 1099 2692 sirohere
1188 2619 1223 2680 tn
1250 2616 1303 2680 toli
1337 2619 1530 2683 monarchis
1555 2627 1743 2700 temperare
1768 2621 1921 2699 regimina,

306 2718 420 2782 ditaria
449 2722 518 2783 sive
548 2738 605 2800 per
632 2723 795 2787 nationem
824 2726 923 2789 electa
952 2728 1097 2791 efformare
1149 2717 1348 2782 aristocratia
1374 2726 1405 2783 et
1428 2721 1620 2783 democratia
1636 2737 1714 2784 suas
1732 2722 1922 2807 liabentlegi·

306 2820 573 2900 congregationes
596 2822 811 2887 deliberantes
826 2841 866 2887 ex
881 2825 950 2906 ipsa
976 2829 1100 2890 consti·
1150 2815 1244 2878 timus
1276 2824 1395 2895 [illies.
1423 2835 1498 2898 ilum
1520 2821 1560 2881 lb
1585 2822 1763 2884 excessivis
1788 2825 1920 2886 abusibus

307 2917 433 2980 tutione
474 2920 641 2998 deputatas
672 2922 710 2984 ad
747 2922 882 2985 consilia
920 2925 1100 2988 monarchas
1150 2916 1920 2996 perregisauctoritatemremoventuretconti·

308 3021 424 3094 danda,
441 3020 512 3100 eJ'us
537 3021 689 3101 gubernii
703 3030 792 3084 actus
807 3023 1049 3098 examinandos,
1069 3031 1100 3087 er
1152 3025 1280 3079 nentur.
1298 3019 1357 3080 Per
1373 3018 1556 3098 hujusmodi
1573 3020 1720 3101 regimen
1737 3039 1919 3102 personarum

308 3118 348 3180 ad
366 3119 472 3198 legum
489 3117 723 3183 conlectionem
739 3139 813 3185 cum
835 3121 908 3202 ipso
926 3139 1101 3202 cooperan·
1152 3120 1183 3177 et
1198 3113 1394 3178 familiarum
1416 3117 1546 3181 libertas
1562 3128 1592 3182 et
1610 3122 1789 3199 proprietas
1813 3129 1920 3186 tuentur

310 3217 401 3279 dnm.
432 3218 626 3299 liujusmodi
647 3222 912 3302 congregationes
929 3222 1100 3286 aristocra·
1151 3221 1184 3278 et
1204 3224 1437 3296 proteguntur;
1467 3235 1541 3282 nam
1566 3223 1674 3284 omnia
1696 3222 1774 3302 jura
1789 3231 1817 3285 et
1831 3239 1920 3285 omnes

311 3317 381 3379 tire
405 3319 488 3396 apml
518 3321 721 3384 monarcham
752 3327 981 3400 repraesentant
1009 3323 1103 3388 tami·
1153 3315 1386 3396 ⁰bllssdlioness
1421 3328 1516 3398 prout
1547 3319 1581 3383 in
1611 3323 1804 3401 precedenti
1839 3323 1919 3400 rapite

310 3414 425 3479 liarum
442 3426 546 3498 patres
564 3420 603 3484 ad
619 3421 863 3485 deliberandum
878 3422 919 3486 de
931 3421 1002 3485 suis
1017 3439 1102 3486 com.
1154 3416 1337 3492 expositum
1351 3415 1424 3491 luit,
1442 3425 1621 3481 serrantur.
1640 3418 1852 3482 Nihilominus
1864 3435 1920 3480 oon-

310 3519 453 3582 nunihus
465 3521 633 3597 interesse,
650 3539 721 3584 cum
735 3522 913 3600 patriarcba
928 3526 1102 3590 rocetosin
1154 3516 1277 3596 tingere
1294 3525 1408 3597 potest,
1424 3527 1454 3581 et
1469 3519 1569 3582 nimis
1592 3520 1712 3599 sapius
1740 3520 1881 3599 contingit
1894 3527 1919 3581 ut

310 3621 467 3696 gubernio
491 3620 730 3701 perriarolmli.¹
1148 3615 1221 3699 iura
1249 3625 1279 3679 et
1303 3618 1517 3699 obligationes
1542 3619 1720 3697 violentur,
1740 3621 1796 3684 sed
1817 3637 1921 3700 sempor

350 3719 513 3796 Civitates,
529 3723 647 3802 oppida
672 3729 703 3787 et
726 3724 900 3804 provincias
915 3743 987 3792 sess
1001 3727 1102 3793 libero
1154 3728 1204 3782 esi
1220 3719 1345 3782 flssiliffl·
1357 3719 1526 3800 reparatio.

310 3819 535 3883 administrant
559 3823 620 3886 sub
642 3826 831 3888 anctoritate
853 3827 983 3890 tutelari
1016 3828 1103 3908 regis
1195 3821 1270 3899 Legi
1297 3819 1397 3899 igilur
1422 3827 1544 3882 noluisti
1570 3825 1673 3902 magis
1694 3830 1917 3885 consentaneum

312 3923 344 3978 et
368 3918 457 3996 juxta
488 3935 694 3982 communem
719 3921 845 4001 legem;
872 3923 1014 4004 ideoque
1045 3926 1105 3987 eli·
1154 3920 1296 3999 regimen
1322 3927 1371 3982 est
1395 3920 1581 3984 monarchia
1607 3927 1791 4003 temperata.
1814 3922 1864 3984 Sed
1883 3927 1918 3982 est

314 4025 394 4096 gunt
424 4037 502 4081 suos
533 4021 833 4096 administratores,
868 4023 925 4104 qni
961 4025 1103 4102 civitati,
1155 4021 1249 4082 etiam
1277 4019 1379 4100 niagis
1402 4029 1656 4084 cousentaneum
1681 4032 1713 4085 ct
1736 4021 1916 4085 assimilatum

315 4118 436 4197 oppido
460 4128 491 4183 et
518 4120 693 4199 provinciae
714 4121 893 4200 respective
913 4141 981 4188 suae
1003 4126 1104 4187 admi·
1156 4119 1307 4184 Ecclesiae
1325 4119 1476 4201 regimini
1491 4120 1648 4184 divinitus
1668 4123 1827 4198 instituto,
1846 4127 1918 4200 prout

315 4219 515 4282 nistrationis
530 4221 685 4284 rationem
698 4221 856 4298 reddunt;
870 4221 994 4304 eligunt
1009 4223 1104 4288 etiam
1156 4219 1275 4300 cuique
1292 4219 1557 4285 animaduertenti
1577 4221 1672 4286 facile
1689 4231 1782 4304 patet.
1799 4225 1878 4304 Ergo,
1893 4225 1916 4281 al

315 4335 394 4382 snos
431 4321 572 4400 judices,
607 4339 624 4383 a
658 4322 778 4404 quibus
811 4330 915 4389 tamen
951 4326 1105 4406 appellari
1157 4322 1269 4385 dicunt
1296 4321 1441 4386 isidorus
1461 4329 1492 4385 el
1510 4323 1605 4387 divus
1624 4325 1774 4401 Thomas,
1798 4331 1840 4386 ast
1855 4319 1918 4398 regi·
1979 4383 1980 4390 ,

316 4427 421 4500 potest
464 4419 504 4484 ad
545 4421 633 4500 regis
681 4422 864 4489 tribunalia.
909 4425 997 4489 Talis
1040 4431 1107 4489 erat
1157 4422 1915 4498 menoptirnuru,etconeordantomursdrrtorrs

316 4523 507 4585 constitutio
525 4523 668 4587 Mosaios
699 4525 797 4588 etiam
830 4527 892 4589 sub
921 4543 999 4607 rege
1026 4527 1105 4602 Deo,
1159 4528 1191 4585 et
1213 4519 1367 4584 Ecclesia
1389 4519 1609 4597 definitiones,
1640 4522 1726 4602 apud
1749 4525 1914 4601 Fegnannni.
1979 4559 1980 4572 ,

317 4639 376 4686 seu
404 4623 588 4697 theoeratia,
608 4625 778 4688 Deuterou.
807 4643 830 4701 i,
866 4627 923 4700 13;
953 4645 1023 4696 xrs,
1052 4627 1107 4703 ¹⁸3
1158 4623 1193 4685 in
1221 4637 1291 4701 cap.
1313 4621 1518 4701 Sipaiptcosti.
1535 4621 1583 4685 tit.
1610 4622 1655 4683 De
1685 4617 1914 4691 electoralis

317 4723 447 4787 Numer.
463 4743 511 4800 xi,
544 4727 582 4786 10
611 4734 642 4788 et
674 4743 764 4806 seqq.
783 4725 976 4806 ltajustitiae
1007 4727 1109 4790 arlmi·
1159 4719 1315 4786 Decretul.
1333 4723 1421 4784 n⁶3b
1437 4730 1551 4805 etseq.
1572 4717 1915 4788 LuthcrusetCalrlnus

318 4821 467 4886 nistratio
504 4821 688 4887 devolvitur
724 4831 817 4887 certas
854 4823 1108 4904 magistraturoe,
1159 4824 1280 4905 aliique
1306 4821 1508 4886 haeresiarhre
1537 4823 1776 4889 nronarchicum
1801 4817 1913 4899 reginen

318 4934 392 4998 orie
409 4918 448 4981 ab
469 4921 557 4982 omni
579 4919 704 4985 inituro
722 4922 933 5001 gubernatiro
946 4931 996 4985 est
1017 4923 1111 4988 inde·
1160 4925 1393 5005 impugnarunt
1408 4929 1439 4985 et
1455 4923 1680 4990 democratiam
1696 4943 1756 4990 seu
1780 4921 1914 4987 aristocra-

321 5016 478 5095 pendens.
511 5017 684 5094 Civitates,
720 5019 836 5099 oppida
870 5019 997 5102 eligunt
1032 5037 1109 5086 suos
1162 5026 1238 5089 tiam
1258 5021 1516 5102 protuleruntea
1531 5025 1626 5090 unica
1639 5025 1761 5089 ratione
1774 5031 1806 5087 ut
1819 5032 1913 5082 monar-

320 5115 559 5194 responsabiles
572 5117 743 5198 deputatos
765 5118 803 5182 ad
824 5119 997 5198 provincie
1010 5120 1112 5183 admi·
1162 5125 1267 5190 chiam
1280 5131 1396 5187 sancte
1409 5123 1593 5188 Ecclesirea
1619 5125 1745 5190 Christo
1770 5121 1912 5188 institutam

321 5214 545 5280 nistrationem
571 5217 780 5300 regulandam
805 5226 859 5282 out
884 5220 924 5283 ad
944 5220 1112 5283 nominan-
1163 5225 1403 5306 impugnarent.
1417 5225 1500 5288 Vere
1516 5231 1622 5288 autem
1638 5232 1804 5306 temperata
1817 5221 1910 5284 noncsl

320 5319 378 5381 dos
393 5317 565 5398 provincie
579 5320 716 5402 majores
736 5320 1022 5384 administratores.
1039 5321 1112 5383 Ple·
1164 5324 1349 5390 monarchia
1372 5325 1435 5388 nisi
1455 5343 1494 5388 ex
1516 5325 1637 5404 duplici
1652 5310 1912 5394 conditionescili-

293 5421 379 5482 ·hes
395 5420 483 5484 enim
503 5437 567 5484 non
589 5428 724 5501 possunt
744 5437 819 5502 Jure
838 5420 973 5484 naturali
991 5421 1112 5484 directe
1164 5433 1214 5490 cet
1234 5433 1270 5488 ut
1297 5423 1438 5488 nationis
1455 5424 1530 5506 jura
1553 5434 1585 5489 et
1610 5428 1785 5491 monarche
1807 5420 1925 5500 ejusque·

322 5519 444 5600 eligere
464 5520 651 5602 hujusmodi
670 5521 807 5602 majores
823 5521 1111 5598 administratores,
1164 5523 1433 5588 descendentium
1457 5531 1487 5586 et
1513 5523 1640 5590 lamiliae
1666 5523 1796 5605 mortalia
1811 5509 1910 5601 jurrsi·

324 5637 385 5683 nec
403 5623 538 5703 majores
560 5623 730 5704 deputatos
745 5623 783 5685 ad
801 5621 887 5702 regis
905 5622 1040 5686 consilia
1054 5639 1113 5686 seu
1165 5623 1231 5688 mul
1264 5629 1444 5686 sartatecta
1464 5632 1645 5688 serventur.
1680 5626 1711 5688 si
1746 5621 1820 5688 enirn
1848 5615 1908 5674 lolli

326 5722 466 5786 nationis
497 5725 644 5801 comitia;
676 5723 753 5806 quia
782 5722 898 5787 electio
930 5719 976 5788 est
1009 5724 1049 5788 da
1077 5742 1111 5786 se
1167 5725 1340 5788 duasistas
1372 5723 1496 5805 species
1514 5723 1637 5808 jurium
1671 5721 1907 5790 correlative-um
