4008 6460
262 427 313 493 lib
770 415 883 480 ttlltls
902 407 1083 476 ctdoNlcl
1098 397 1363 470 cobrnnbluu.
1848 388 1904 454 llo

261 552 433 618 congruas,
459 539 501 612 at,
532 528 665 596 relative
682 527 721 592 ad
742 520 1002 592 circumstantias
1017 521 1052 584 in
1105 517 1328 600 gregationem
1344 505 1555 593 perpetrandi
1572 519 1645 568 cum
1676 497 1829 608 omnibus
1841 497 1901 579 iu·

262 636 383 719 quibus
398 638 580 707 versantur,
591 626 784 708 superfluas.
1106 616 1197 679 ribus
1224 619 1256 677 et
1279 604 1478 694 privilegiis.
1512 603 1555 665 ill
1590 599 1624 662 in
1653 593 1820 677 felidl⁰⁵i⁵
1851 595 1903 658 di·

302 734 520 811 «Quendoirr
542 725 782 811 perturbatione
812 720 948 804 politica
975 717 1054 784 anni
1107 716 1416 799 spersispermenet‚
1440 696 1903 776 utinunicoetiamipsornm

264 835 341 898 1793
356 845 550 912 suppressos
572 821 748 890 declaravit
777 819 951 900 religiosos
966 815 1056 881 ordi·
1109 810 1284 891 superstite
1299 814 1363 870 tota
1376 799 1639 868 consolidetur...
1649 797 1686 856 Et
1697 791 1904 904 probatores

266 951 324 994 nes
339 930 502 995 secularis
518 925 799 1004 Gallimpotestas,
818 923 994 1000 potuerunt
1006 931 1056 979 re·
1110 917 1238 990 recepta
1252 905 1411 974 doctrina,
1428 897 1599 978 orrodjura
1618 908 1729 957 omnia
1754 906 1825 952 srre
1852 903 1905 950 ca-

267 1028 376 1106 ligiosi
390 1043 425 1090 ac
441 1023 642 1088 monialeein
661 1025 865 1104 dispersione
877 1030 1055 1099 versantes,
1110 1009 1220 1091 libuli.
1252 1007 1322 1070 Silfl
1346 1000 1475 1081 ῦΟῙΙθὸῑῑ
1521 1015 1581 1060 ⁵0¹¹
1611 990 1845 1067 ΰῦῑῑθΐθῑῑθῑῑδ,
1869 989 1905 1052 ῑΰ

268 1135 387 1188 tumea
405 1124 615 1204 superiorum
640 1141 792 1203 expresse
816 1122 960 1198 licentia,
989 1133 1058 1186 tum
1110 1108 1211 1174 ”⁰1⁰⁰
1240 1103 1418 1187 θὶψθῑῦῑῑῑθ
1447 1097 1593 1164 fflffllbffl
1623 1089 1903 1206 belffiflflm‘sffd

266 1225 362 1286 etiam
377 1240 418 1286 ex
446 1222 592 1302 legitime
622 1232 829 1302 presumpta,
852 1220 1058 1285 haereditates
1111 1217 1264 1290 unquam
1279 1213 1397 1269 certam
1411 1197 1555 1280 regulam
1584 1199 1760 1257 canonrste
1786 1191 1905 1303 admit-

265 1321 329 1385 sibi
343 1321 558 1386 obvenientes
573 1321 715 1386 civiliter
729 1324 910 1402 acquirere,
930 1328 961 1384 et
973 1321 1057 1384 alios
1111 1319 1185 1376 tunt
1200 1333 1209 1386 s
1223 1307 1381 1372 elfflosst
1401 1321 1435 1366 m
1447 1318 1517 1381 ellp-
1533 1301 1695 1362 Stellatem
1718 1293 1750 1365 2,
1778 1297 1829 1354 Μ·
1859 1289 1905 1350 ὒθ

266 1431 465 1503 opportunos
481 1421 619 1486 dominii
634 1427 725 1487 aelus
740 1421 879 1487 civiliter
891 1438 1056 1497 exercere,
1108 1411 1264 1494 pullulet·
1281 1407 1498 1490 prelatorum,
1515 1399 1572 1462 lib·
1586 1391 1763 1459 ΙΡΘΜΜῙ·

266 1522 356 1585 salva
385 1521 419 1584 in
448 1518 497 1584 eis
510 1527 614 1584 stante
630 1519 767 1584 dominii
796 1519 1003 1600 incapacitate
1030 1524 1061 1584 et
1114 1532 1183 1609 ill.
1198 1526 1469 1604 -beregularlbus
1491 1519 1634 1604 dispersis,
1651 1517 1686 1574 ad
1709 1511 1829 1586 pristina
1844 1510 1906 1568 loca

268 1619 335 1683 voti
356 1619 601 1684 solemnitate.»
617 1617 663 1700 (ld
679 1619 877 1684 demonstrat
888 1621 925 1682 D.
940 1621 1057 1696 Boura,
1375 1612 1425 1654 ⁸¹¹²
1440 1590 1631 1652 redeuntibus.

269 1727 357 1784 treet.
371 1720 495 1801 Dejere
508 1719 610 1800 repul.
624 1727 648 1782 t.
663 1721 689 1796 l,
704 1738 736 1800 p.
753 1721 814 1784 350
827 1726 858 1785 et
873 1737 942 1802 seq.
1144 1721 1170 1784 Ι.
1188 1719 1287 1784 Coruo
1307 1711 1502 1794 regularium
1531 1705 1677 1784 antiquus
1715 1699 1790 1761 ruer
1813 1692 1905 1768 eder,

306 1821 374 1884 lea
400 1821 496 1897 Quod
521 1820 698 1902 acquirunt
729 1820 879 1902 religiosi
906 1821 1060 1902 dispersi,
1112 1815 1292 1903 [octoipris
1307 1803 1905 1875 eorumdcmrertitutionrrrosrurecrr·

269 1937 334 1983 nou
350 1920 494 1998 sibi,sed
509 1921 731 1986 communitati
747 1920 1062 2003 seucongregationi
1115 1918 1205 1982 tium.
1226 1949 1264 1962 -
1277 1916 1307 1977 1.
1320 1911 1352 1975 si
1368 1917 1480 1988 agatur
1504 1905 1545 1967 de
1568 1901 1716 1982 ipsismet
1748 1892 1909 1976 regulari·

269 2017 468 2098 ecquirunt..
484 2019 567 2081 Hinc
589 2027 758 2099 nequeunt
773 2036 824 2084 res
857 2019 930 2084 illas
944 2038 1001 2102 per
1014 2028 1062 2085 te·
1114 2018 1177 2080 bus
1190 2014 1248 2096 qui
1272 2012 1396 2076 ibidem
1408 2014 1500 2072 antea
1515 2001 1687 2084 degebant,
1703 1995 1795 2061 nulla
1809 1993 1903 2058 indi·
1995 1989 1996 2030 l

271 2123 475 2191 elementum,
495 2117 638 2184 aliumve
658 2118 789 2198 proprie
803 2119 927 2184 dictum
955 2119 1065 2185 domi·
1114 2124 1192 2202 gent
1207 2133 1289 2181 nore
1302 2110 1459 2179 ordinarii
1472 2115 1527 2173 eut
1544 2103 1637 2171 Sedis
1656 2095 1907 2182 apostolicaese-

272 2218 316 2278 nii
328 2225 446 2294 actum,
464 2217 740 2299 consanguinibus
758 2220 841 2294 suis,
866 2220 981 2288 eliisre
1000 2225 1061 2284 do·
1115 2222 1246 2295 cultate,
1260 2223 1297 2282 ut
1311 2210 1557 2281 conventualem
1573 2207 1672 2270 vitam
1686 2203 1721 2264 in
1747 2199 1801 2262 bis
1826 2195 1909 2261 edi·

274 2332 361 2379 arere.
376 2317 519 2381 Possunt
542 2323 651 2382 tamen
673 2319 868 2384 donationes
899 2319 1005 2384 valida
1027 2335 1065 2384 eo
1115 2322 1176 2386 bus
1196 2321 1316 2384 lterum
1327 2321 1422 2398 agant
1442 2327 1516 2376 cum
1530 2305 1684 2373 omnibus
1700 2297 1819 2383 priscis
1835 2293 1908 2363 suis

274 2415 364 2478 licite
382 2415 533 2498 exsequi,
547 2433 589 2481 ex
600 2417 809 2497 superiorum
826 2418 968 2502 legitime
984 2436 1065 2500 prer-
1112 2421 1242 2502 juribus
1258 2425 1289 2484 et
1302 2413 1495 2500 privilegiis.

272 2522 411 2594 sumpta,
427 2523 485 2580 eta
498 2515 789 2596 iortiorieapressa
804 2517 954 2582 facultate
966 2541 974 2582 r
986 2520 1065 2600 quia
1152 2523 1204 2583 2«
1216 2519 1246 2583 sl
1266 2521 1445 2581 conuentus
1459 2509 1626 2587 dispersus
1645 2517 1709 2564 non
1727 2494 1908 2562 constitue·
1995 2519 1996 2524 ¹

273 2625 350 2676 tuac
363 2621 465 2694 agunt
480 2616 878 2695 tunquumcommunilatis
889 2618 1063 2696 oeconomi;
1117 2620 1169 2684 bat
1185 2626 1281 2682 totam
1293 2609 1588 2694 congregationem,
1604 2601 1662 2666 sed
1677 2605 1799 2680 partem
1820 2595 1907 2658 dun·

274 2727 304 2774 er
323 2713 538 2780 communitas
553 2715 626 2797 ipsa
651 2715 837 2780 dominium
865 2716 1064 2781 transfert.»
1118 2725 1203 2784 texat
1219 2714 1359 2794 alicuius
1381 2693 1910 2789 congregationisreligiosaeplu·

313 2815 343 2878 Β.
366 2813 890 2896 eReligiosidispersi,legitimis
905 2815 1067 2897 suisprte·
1119 2817 1210 2882 ribus
1225 2814 1351 2879 scilicet
1377 2804 1591 2873 conuentibus
1629 2805 1685 2862 aut
1709 2799 1806 2860 otiam
1838 2805 1911 2872 pro·

275 2913 348 2978 lulis
363 2924 532 2979 remanent
560 2915 671 2996 quoad
697 2915 894 2982 obedientiae
920 2918 1067 2982 debitum
1118 2914 1236 2982 vinciis
1251 2906 1423 2988 condole),
1448 2909 1587 2986 possunt
1610 2898 1709 2980 buJus
1734 2905 1911 2973 congrega-

275 3013 414 3096 snbjecti
432 3023 487 3090 ret
502 3014 585 3079 solet
599 3014 648 3080 eis
662 3033 722 3096 pro
745 3015 961 3095 dispersionis
980 3025 1065 3082 tcm-
1119 3015 1219 3082 tionis
1231 3011 1363 3093 prelati,
1375 3009 1445 3072 sire
1460 3004 1617 3085 ipsosmet
1649 2994 1823 3075 religiosos
1854 2990 1911 3072 qui

255 3131 367 3190 pore,
395 3113 431 3176 in
469 3113 651 3194 legitimum
678 3115 844 3194 prelatum
875 3132 894 3179 a
922 3116 1066 3180 Romano
1119 3114 1260 3196 dispersi
1284 3111 1426 3182 inerant,
1446 3106 1515 3168 sire
1534 3099 1617 3165 elios
1645 3098 1681 3160 in
1706 3099 1910 3171 reassumpto
1955 3169 1958 3178 ,

277 3213 426 3292 pontifice
442 3213 603 3296 assignari
627 3215 814 3280 ordinarius
838 3215 902 3281 loci
934 3215 968 3280 in
999 3232 1067 3298 quo
1120 3222 1282 3283 conventu
1298 3209 1509 3275 constituere.

276 3313 675 3396 remoturepiscopus.»
701 3315 805 3390 Quam
825 3316 964 3396 praxim,
983 3333 1067 3397 prar-
1145 3319 1176 3383 3.
1193 3340 1209 3375 ι
1227 3315 1259 3379 Si
1272 3320 1336 3379 tota
1363 3304 1580 3389 congregatio,
1595 3316 1663 3364 uno
1690 3302 1815 3362 tantum
1837 3309 1913 3358 con·

276 3419 328 3476 ter
344 3411 409 3476 ulia
423 3413 630 3491 documenta,
643 3419 780 3478 testetur
798 3414 896 3479 etiam
907 3431 1004 3494 supra
1020 3415 1069 3480 ci·
1123 3425 1230 3492 uentu,
1247 3414 1296 3478 vel
1314 3411 1465 3494 pluribus
1482 3409 1698 3474 conuentibus
1729 3411 1786 3471 aut
1814 3403 1912 3466 etiam

277 3519 377 3576 tetum
389 3511 488 3575 brem
503 3511 552 3575 Pii
565 3513 607 3576 Vl
622 3513 662 3576 ad
687 3512 905 3578 brunensium
938 3515 1070 3594 episeo-
1121 3515 1299 3602 prouinciis
1313 3521 1474 3590 constans,
1489 3511 1637 3589 dispersa
1648 3505 1760 3582 fuerit,
1776 3512 1811 3569 et
1826 3521 1913 3568 unus

280 3628 369 3688 rrum,
398 3612 523 3693 inquo
563 3613 611 3677 sic
645 3612 824 3677 stetuiturs
854 3613 1070 3679 obedieutiae·
1121 3620 1276 3683 duntaxat
1293 3611 1402 3678 exillu
1419 3610 1563 3690 supersit
1576 3606 1757 3688 professus,
1785 3605 1822 3667 in
1850 3602 1913 3666 isto

277 3731 397 3794 quoquc
411 3721 561 3794 prostent
572 3712 832 3793 episcopeetoud
847 3721 930 3776 ueste
944 3716 1070 3793 rignum
1122 3736 1190 3784 uno
1201 3720 1273 3801 J'ura
1286 3715 1395 3778 omnia
1414 3708 1678 3792 congregationis
1706 3703 1913 3788 agnoscenda

267 3811 530 3907 'uliquodoeront
549 3813 708 3892 repuleris
724 3814 945 3894 professionis.
965 3813 1071 3895 (Apud
1122 3811 1359 3882 erunt...llnde
1383 3810 1500 3892 poterit
1520 3809 1612 3873 solus
1648 3805 1704 3868 ille
1745 3808 1913 3882 superstes

278 3913 318 3974 ⁰·
335 3909 538 3985 B0tlttst'bt'd·
554 3927 586 3988 p.
607 3911 813 3992 3520135³d
1122 3914 1311 3996 religiosus,
1327 3912 1363 3976 in
1392 3909 1536 3992 qualibet
1566 3905 1679 3972 mundi
1702 3910 1806 3985 parte,
1833 3919 1912 3966 con·

318 4011 360 4074 ll.
376 4011 422 4072 Dr
432 4009 657 4090 religiosorum
686 4009 904 4090 dispersorum
925 4009 1070 4092 juribus,
1123 4009 1240 4076 uentus
1257 4005 1520 4091 congregationis
1536 4005 1646 4086 (modo
1670 4011 1810 4068 tamena
1831 3999 1913 4064 sede

278 4108 982 4192 durootcdirpcrsione.-1.eExieetoipso
999 4113 1070 4176 rio·
1107 4103 1300 4193 'apostolica
1318 4123 1383 4170 uon
1392 4105 1515 4169 inerint
1528 4099 1673 4182 alienati)
1698 4111 1913 4164 reessumere.
1993 4133 1994 4168 r

278 4211 376 4274 lente
389 4209 600 4288 expulsionis
619 4207 893 4289 etdispersionis,
914 4227 981 4275 non
993 4229 1070 4277 cen·
1125 4218 1156 4274 et
1176 4208 1222 4271 ibi
1238 4207 1424 4271 institutum
1437 4220 1534 4268 suum
1550 4207 1741 4282 perpetuare
1755 4214 1831 4261 cum
1850 4195 1915 4275 pri·
1993 4183 1994 4272 3

280 4309 377 4374 sandi
395 4316 472 4372 sunt
487 4307 826 4390 quidquumamisisse
840 4309 880 4373 de
891 4310 1022 4390 juribus
1036 4329 1074 4378 ao
1124 4309 1188 4374 scis
1203 4309 1335 4392 Juribus
1347 4301 1582 4386 etprivilegiis.
1597 4300 1692 4378 Quod
1711 4299 1740 4361 el
1755 4315 1817 4360 uec
1828 4311 1914 4359 unus

280 4407 465 4490 privilegiis
507 4407 589 4472 suis.
617 4408 705 4471 Patet
721 4407 819 4488 huius
839 4410 1073 4489 propositionis
1125 4414 1288 4474 remaneat
1308 4403 1477 4486 protessus
1493 4421 1533 4466 ex
1558 4401 1710 4467 omnibus
1734 4412 1915 4476 congrega-

280 4505 400 4571 reritas
417 4523 457 4569 ex
477 4505 642 4585 primariis
663 4505 750 4586 juris
785 4509 942 4573 naturalis
966 4512 1074 4576 notio·
1125 4509 1227 4575 tionis
1257 4505 1488 4580 conuentibus,
1518 4501 1675 4568 exstincta
1706 4494 1915 4578 congregatio

282 4609 392 4678 nibus,
410 4612 505 4686 prout
526 4611 560 4668 in
573 4608 684 4688 regula
696 4607 781 4686 juris
807 4608 857 4683 dle,
875 4610 908 4672 in
924 4611 956 4682 6,
973 4611 1073 4677 babe-
1127 4606 1292 4673 censenda
1306 4611 1366 4667 est.

283 4705 641 4787 tur:Quecontrojes
656 4705 748 4784 pient,
764 4704 995 4790 dedcotutiquc
1012 4729 1073 4792 pro
1163 4709 1194 4772 li.
1227 4729 1242 4765 a
1275 4703 1361 4769 Dicti
1407 4699 1572 4784 regulares
1610 4707 1758 4782 possunt,
1790 4697 1916 4777 absqtm

241 4801 248 4821 ¹
281 4805 543 4890 infectirltoderi.
563 4809 601 4868 Et
620 4807 830 4871 estdoctrina
857 4825 876 4874 a
905 4811 1074 4880 catholicis
1126 4804 1375 4872 tormolittlibus
1418 4818 1477 4883 pro
1514 4800 1590 4865 nori
1625 4804 1807 4864 conuentus
1839 4813 1914 4858 ere·

284 4903 472 4968 doctoribus
484 4905 699 4968 communiter
718 4913 856 4986 recepta.
1127 4907 1233 4972 ctione
1252 4903 1432 4984 requisitis,
1446 4900 1677 4966 monasterium
1703 4909 1915 4962 suum‘reus·
1992 4923 1993 5008 p

323 5007 354 5067 Ξ.
390 5025 406 5062 ι
436 5003 474 5067 lu
512 5002 679 5083 religiosis
715 5005 875 5085 dispersis
910 5021 1075 5086 permanet
1125 5023 1269 5082 sumere,
1286 5013 1318 5070 et
1331 5005 1422 5086 (casu
1439 5017 1505 5084 quo
1519 5001 1621 5065 inerit
1644 4997 1803 5077 dirutum)
1831 4994 1914 5058 illud
1992 5025 1993 5088 3

286 5110 429 5186 potestus
480 5102 629 5167 ordinem
685 5119 745 5167 seu
792 5109 1074 5189 congregationem
1127 5107 1360 5171 reatdiilcare.»

285 5219 377 5268 suem
425 5201 653 5283 perpetnaudi,
707 5219 781 5266 cum
817 5205 970 5271 omuibus
1003 5209 1074 5273 suis
1168 5214 1208 5274 ll.
1224 5211 1323 5275 cesos
1340 5207 1535 5289 repertorium
1548 5207 1613 5287 qui,
1640 5205 1757 5288 injuste
1774 5203 1910 5276 detento,

283 5305 414 5387 juribus
432 5309 464 5367 et
479 5301 689 5384 privilegiis;
712 5303 758 5369 ita
782 5311 828 5382 ut,
862 5309 971 5372 sedule
991 5319 1075 5374 tem·
1126 5309 1176 5370 oei
1196 5309 1300 5371 minus
1324 5304 1480 5368 commodo
1493 5305 1562 5387 jone
1590 5305 1760 5367 exsistente
1781 5305 1912 5382 entique

287 5414 423 5486 pestate,
446 5403 729 5469 minimeneeesse
756 5405 800 5470 sit
830 5421 946 5470 noram
976 5411 1024 5472 eis
1057 5427 1076 5474 a
1126 5409 1363 5479 recrescente,
1383 5421 1480 5464 occos
1509 5401 1637 5465 odorio
1654 5400 1757 5463 codem
1787 5401 1914 5464 sluttere

287 5506 369 5568 Sede
384 5503 562 5584 apostolica
577 5511 767 5582 potestatem
784 5505 824 5569 ad
839 5505 873 5568 id
889 5507 1003 5580 tribui,
1017 5511 1075 5573 sod
1126 5515 1183 5568 aut
1193 5523 1276 5586 popo
1290 5505 1351 5568 ribi
1366 5504 1662 5585 comparant.-t.«
1678 5503 1820 5564 Possunt
1835 5498 1912 5562 dicti

288 5603 426 5666 subiciat
442 5609 582 5683 potestas
612 5620 711 5684 quam
744 5604 914 5680 habebant,
943 5617 974 5672 et
1003 5625 1077 5691 que
1128 5605 1295 5686 segniores
1310 5605 1431 5683 absque
1447 5603 1671 5668 novalicentia
1688 5600 1846 5668 ordinarii
1860 5605 1913 5663 aut

290 5701 594 5782 perdispersionem
610 5701 796 5766 nullatenus
809 5703 911 5770 ablata
927 5714 985 5770 est.
1127 5704 1221 5769 Sedis
1235 5702 1428 5782 apostolieae,
1439 5703 1560 5766 ibidem
1576 5704 1655 5768 elias
1681 5701 1849 5783 edessibi
1868 5704 1911 5764 lo

326 5801 357 5864 ³.
371 5823 386 5858 ι
401 5802 550 5866 Predicla
571 5809 709 5882 potestas
737 5803 883 5868 ordinem
909 5825 967 5870 seu
996 5825 1075 5872 ‹eon-
1128 5823 1213 5882 aare,
1228 5803 1275 5868 rel
1292 5811 1472 5880 exstruere,
1485 5805 1534 5869 vel
1551 5808 1638 5871 detes
1656 5803 1816 5884 accipere,
1833 5813 1864 5868 et
1880 5803 1912 5864 in
