4046 6460
291 423 347 490 aaa
802 396 1396 483 ruatsctnontctlunrruutun.
1877 417 1924 482 aas

292 536 480 612 reservatis,
502 535 541 600 ad
568 549 651 614 quos
676 528 821 610 alioquin
850 527 922 608 ejus
941 525 1077 590 lacultes
1139 527 1390 592 ministrationis
1428 529 1558 592 casibus
1593 527 1762 610 exceptis),
1793 527 1924 591 easdem

292 657 357 706 nou
381 635 579 709 extenditur,
600 632 727 697 habeta
752 645 833 711 papa
855 626 1080 692 auctoritatem
1137 627 1293 694 moniales
1314 628 1436 711 absque
1464 645 1545 693 sacr.
1565 645 1676 712 congr.
1700 628 1838 694 licentia
1854 627 1927 692 allo

291 734 480 803 absolvendi
513 729 669 796 moniales
701 726 741 791 ab
768 725 922 790 omuibus
950 723 1080 788 casibus
1136 728 1191 806 qui
1213 745 1278 792 non
1301 739 1448 810 possunt.
1470 731 1560 811 (liud.
1578 747 1658 795 sacr
1686 749 1798 813 congr.
1817 733 1924 809 Episc.

293 837 470 922 rrapalibus.
495 835 533 898 Et
556 830 604 894 sic
631 827 811 911 respective
837 826 1011 890 dicendum
1032 836 1081 888 est
1136 829 1295 910 etltegul.
1311 831 1414 913 totu.)

292 942 332 1003 rle
352 935 489 1022 prelatis
509 932 714 1014 regularibus
738 931 846 1013 quoad
867 947 945 996 suos
963 927 1080 993 subdi·
1174 929 1245 991 XV.
1269 929 1472 995 confessario
1486 931 1636 997 monialis
1651 917 1938 996 indrmrsconlrs·

292 1051 353 1115 tos,
371 1054 453 1120 quos
470 1040 605 1116 possunt
621 1033 791 1097 absolvere
807 1051 825 1096 a
840 1032 937 1097 dictis
951 1030 1080 1096 casibus
1135 1029 1261 1094 sionem
1285 1033 1439 1096 audiente
1458 1033 1578 1098 cellm'
1566 1051 1664 1116 Janua
1685 1041 1796 1116 aperta
1820 1047 1923 1094 rema

291 1157 330 1203 rx
344 1138 440 1202 variis
454 1151 656 1200 summorum
675 1133 862 1214 pontificum
880 1129 1082 1196 constitutio-
1135 1137 1220 1203 neat,
1235 1138 1266 1192 et
1277 1131 1604 1197 ambucomitatrices
1615 1134 1654 1196 ad
1670 1133 1822 1215 ejusdem
1839 1127 1926 1194 celle

290 1239 428 1306 nibus.»
446 1239 601 1321 (Funxan.
633 1235 721 1298 verb.
736 1233 903 1309 Meniclcs,
927 1241 985 1295 art.
1000 1232 1030 1302 3,
1046 1245 1078 1293 tt.
1131 1230 1262 1310 januam
1281 1241 1459 1308 morentur,
1475 1234 1519 1297 ita
1534 1241 1569 1298 ut
1584 1233 1806 1298 conlessartus
1823 1239 1857 1296 et
1879 1231 1924 1294 ln-

289 1345 379 1410 idad
400 1343 452 1406 25.
456 1343 466 1424 l
482 1341 624 1421 ideoque
640 1347 702 1401 tam
732 1336 875 1417 episcopi
891 1352 987 1417 quam
1002 1352 1082 1416 prro·
1133 1331 1222 1394 firma
1240 1332 1280 1394 ab
1297 1331 1345 1395 eis
1360 1335 1528 1398 commode
1550 1335 1640 1398 cerni
1664 1335 1803 1415 possint.
1833 1333 1921 1412 [End.

289 1445 343 1510 latr
357 1443 613 1524 regularescxc
631 1443 662 1516 6,
676 1455 758 1502 sess
775 1436 815 1498 ib
830 1435 973 1498 Trrdent
979 1450 1079 1514 ,-pos
1133 1447 1213 1495 sacr.
1230 1447 1339 1511 congr.
1357 1439 1389 1494 et
1403 1432 1578 1495 innorunr
1595 1433 1639 1494 xt
1657 1449 1712 1512 per
1727 1427 1923 1511 encprltcam

290 1533 1078 1622 suntdelcgaceconfessariismonialiumlacul·
1133 1527 1280 1608 ejusdem
1305 1545 1386 1593 sacr.
1412 1546 1523 1610 congr.
1552 1528 1657 1609 Episc.
1683 1538 1712 1592 et
1738 1524 1861 1608 llegul.
1887 1523 1923 1586 tt

290 1655 386 1711 tatem
401 1641 594 1709 absolvendi
611 1641 650 1704 ab
664 1639 816 1704 omnibus
831 1636 960 1702 casibus
978 1651 1078 1716 papa·
1133 1629 1223 1692 liert.
1242 1629 1406 1712 1682)-
1391 1628 1627 1694 -Coulessarii
1644 1629 1761 1708 quictis
1777 1635 1923 1706 tempore

291 1748 378 1811 libus
394 1751 425 1808 et
442 1745 538 1806 etiam
554 1740 619 1805 sibi
634 1739 819 1804 reservatis.
907 1781 910 1788 .
1132 1727 1173 1792 de
1188 1738 1280 1792 nocte
1301 1729 1336 1792 iu
1359 1746 1436 1792 casu
1458 1729 1661 1793 necessitatis
1678 1736 1818 1806 possunt
1835 1725 1922 1789 clau·

283 1873 286 1880 ·
329 1847 403 1913 xtt.
427 1841 624 1909 Conlessurii
655 1838 845 1905 monialium
860 1851 925 1900 nou
944 1845 1079 1917 possunt
1133 1846 1240 1892 suram
1265 1829 1407 1910 ingredi.
1432 1829 1524 1912 (llud.
1544 1847 1626 1894 sacr.
1638 1827 1764 1910 congr.)
1786 1825 1922 1890 Cuniss-

289 1948 609 2030 ingrediclausuram
626 1944 665 2007 ud
687 1941 891 2024 sepeliendas
906 1939 1077 2013 mon-iales,
1133 1932 1238 1992 sarius
1267 1931 1457 1993 monialium
1482 1930 1699 1994 clausuram
1691 1945 1865 2009 ingressus
1884 1930 1920 1991 ad

289 2050 339 2114 rel
355 2064 413 2131 pro
434 2045 637 2111 celebrandis
653 2043 833 2123 exsequiis.
845 2042 910 2122 (Sic
925 2055 1077 2121 expresse
1132 2030 1386 2095 administranda
1408 2042 1616 2106 sacramenta,
1637 2040 1721 2094 recta
1737 2031 1790 2093 ria
1806 2037 1840 2093 et
1854 2031 1922 2093 abs-

289 2147 433 2212 decrerit
449 2162 531 2209 sacr
555 2159 665 2224 congr.
687 2143 795 2223 Episc.
817 2151 848 2205 et
871 2140 985 2221 Regul.
1007 2140 1079 2219 ptu-
1131 2129 1406 2211 quedirerticulo
1429 2139 1491 2203 eat,
1515 2130 1702 2212 redeatque,
1723 2147 1783 2194 nec
1805 2131 1842 2192 in
1864 2129 1921 2190 ala

290 2249 378 2329 ries)
410 2248 499 2310 Alias
537 2261 651 2308 omnes
689 2243 870 2323 culpabiles
905 2241 1077 2304 incurrunt
1132 2227 1921 2314 monasteriipartediragatur,ctiamoccasione

288 2346 656 2414 excommunicationem
670 2341 830 2406 riolatrecl
834 2359 972 2405 ausure.
984 2341 1075 2423 (lial.
1131 2330 1283 2394 visitandi
1308 2331 1386 2397 alias
1413 2333 1568 2410 infirmas,
1591 2331 1712 2413 quibus
1734 2345 1918 2394 sacramen·

287 2467 370 2514 sacr.
378 2465 473 2529 cong.
486 2443 1076 2526 Episcr)Nequeconsnetudoexrusnr
1130 2439 1237 2496 torum
1269 2433 1507 2498 administratio
1543 2449 1608 2498 non
1644 2441 1693 2495 est
1723 2431 1917 2496 necessaria.

288 2564 461 2615 acensura
475 2546 596 2610 rnlltcta
612 2545 768 2608 adversus
788 2543 962 2608 violatores
984 2544 1075 2605 clau·
1131 2535 1227 2615 (Sacr.
1243 2551 1352 2616 congr.
1379 2536 1484 2617 Episc
1501 2543 1533 2598 et
1555 2533 1746 2614 Regul-t
1707 2533 1846 2596 -Cum
1868 2529 1922 2594 ali·

288 2669 385 2726 aura,
403 2665 443 2714 οι
460 2646 697 2711 Αιρηῃαήνιι
712 2651 816 2709 const
830 2645 944 2707 prtem·
1129 2649 1194 2712 qna
1210 2633 1361 2698 monialis
1375 2635 1514 2699 labor-'at
1506 2653 1538 2699 nr
1550 2635 1715 2708 extremis,
1732 2633 1918 2697 conceditur

326 2749 419 2814 xttt.
443 2745 637 2811 confessarii
656 2752 716 2808 tam
732 2742 888 2806 ordinarii
903 2757 998 2822 quam
1016 2757 1074 2804 cx·
1130 2736 1329 2800 cordessario
1352 2737 1548 2818 pernoctatio
1576 2737 1608 2799 in
1634 2751 1693 2799 sua
1717 2735 1815 2797 solita
1835 2749 1918 2796 man·

288 2848 493 2914 traordinarii
534 2845 750 2917 monialium,
785 2843 907 2923 absque
942 2840 1074 2921 speciali
1130 2839 1223 2902 sione
1242 2850 1332 2904 extra
1347 2840 1530 2904 clausuram
1557 2855 1654 2918 prope
1671 2836 1917 2909 monasterium,

289 2950 419 3014 licentia
443 2953 580 3026 possunt
607 2943 734 3024 ingredi
764 2950 852 3022 septa
874 2940 1074 3012 monasterii,
1131 2940 1350 3021 utiugruente
1374 2940 1577 3017 necessitate,
1596 2938 1684 3002 illico
1710 2945 1829 3019 praesto
1850 2953 1918 2999 esse
2001 2991 2002 3020 ,

288 3050 330 3114 ud
359 3055 554 3110 sacramento
574 3043 777 3125 ponitentiae,
800 3041 1020 3114 Eucharistic,
1047 3049 1076 3102 rt
1131 3042 1231 3122 possit
1248 3049 1390 3106 vocatus.
1408 3043 1450 3120 is.
1472 3057 1583 3122 congr.
1603 3040 1709 3121 Episc.
1726 3042 1815 3120 apud
1836 3041 1918 3104 lica·
2001 3035 2002 3114 ,

289 3161 434 3215 extremar
453 3147 615 3210 arctioris
640 3143 852 3208 ministrando
874 3141 1074 3212 monialibus,
1129 3162 1205 3207 ann.
1219 3143 1307 3207 verb.
1321 3143 1486 3218 Mortioles,
1502 3155 1560 3206 art.
1576 3143 1597 3206 5
1612 3141 1752 3224 passim;
1770 3149 1802 3204 et
1828 3141 1911 3203 verb.
2001 3123 2002 3128 ἵ

287 3253 335 3316 ccl
345 3249 419 3314 aliis
439 3248 590 3331 percurris
604 3246 738 3325 infirmis
751 3245 796 3308 iii
811 3243 1004 3324 departibor,
1019 3259 1076 3304 rteo
1130 3245 1350 3328 confessarius
1364 3241 1571 3320 monialium.)

286 3370 352 3416 acrr
376 3349 418 3412 od
444 3347 715 3412 commendendam
746 3347 880 3410 unimam
909 3348 1077 3425 cpunisurr·
1168 3346 1255 3409 xvt.
1279 3343 1441 3408 Habitatio
1469 3342 1680 3415 confessarii,
1705 3342 1782 3406 licet
1804 3343 1916 3406 debeat

288 3455 379 3518 num.
407 3451 469 3532 (Sic
507 3463 662 3528 expresse
702 3445 899 3526 specificarit
931 3446 1074 3508 Alexan·
1130 3461 1202 3509 esse
1233 3445 1349 3520 vicina,
1374 3462 1438 3509 non
1467 3453 1573 3508 tamen
1597 3445 1639 3508 sit
1663 3444 1837 3524 conjuncta
1861 3461 1915 3505 sau

287 3554 346 3616 der
363 3552 431 3628 t'tt,
448 3555 551 3614 coust.
566 3546 761 3624 ‚deliciised
777 3544 994 3609 confessarius
1010 3561 1075 3608 non
1130 3547 1280 3625 contigua
1307 3545 1516 3623 monasterio,
1543 3547 1599 3610 sed
1627 3544 1667 3610 ab
1689 3562 1729 3609 eo
1757 3545 1914 3626 disiuncta

287 3657 391 3732 potest
402 3647 527 3728 ingredi
540 3643 998 3724 clausuramsubquocunqne
1010 3641 1077 3704 alio
1130 3661 1194 3710 non
1211 3646 1316 3709 solum
1334 3665 1390 3727 per
1405 3645 1556 3728 parietes,
1572 3645 1628 3709 sed
1645 3645 1739 3709 etiam
1753 3663 1810 3726 per
1825 3651 1915 3708 tecta.

287 3757 461 3833 pretextu,
477 3763 536 3812 nec
555 3748 593 3812 ad
614 3745 810 3811 audiendam
835 3743 1075 3807 contessionem
1130 3748 1227 3832 (sacr.
1245 3767 1355 3830 congr,
1375 3751 1478 3830 episc,
1493 3757 1524 3813 et
1540 3748 1653 3830 [tegat.
1673 3749 1812 3828 plur-tes,
1827 3755 1916 3810 etex·

286 3853 377 3917 illius
388 3850 535 3925 intirmm,
548 3855 733 3931 qusepotest
748 3847 899 3910 accedere
910 3845 948 3907 ad
963 3848 1075 3907 sedem
1131 3869 1239 3930 presse
1255 3853 1366 3915 statuit
1396 3851 1580 3914 Alexander
1602 3850 1673 3925 vtt‚
1688 3859 1791 3914 const.
1807 3849 1912 3920 Felici,

285 3949 580 4024 confossiOBfllems
610 3965 669 4012 ¹¹⁰⁰
707 3955 860 4025 tllffilffllu
901 3945 1074 4009 comitandi
1128 3951 1191 4014 sub
1205 3952 1406 4032 gravissimis
1426 3953 1527 4032 proenis
1544 3958 1654 4015 contra
1670 3953 1871 4028 superiores,
1886 3957 1912 4012 et
1999 3943 2000 3976 l

287 4045 1073 4135 operariostmodicos·chltut50⁸‚ve¹tll08‚elo.
1129 4052 1347 4116 confessarius
1383 4053 1549 4132 regulares
1583 4062 1850 4132 transgressores.
1880 4081 1914 4096 -·

288 4157 352 4238 (lix
374 4153 523 4234 pluribus
548 4166 629 4213 sacr.
650 4146 935 4230 cougr.1ipisc.et
957 4146 1072 4228 llegul.
1131 4153 1191 4236 (lu.
1210 4154 1286 4218 ibid.
1304 4173 1336 4218 n.
1352 4156 1417 4234 (58.)

287 4251 452 4332 tlccretis.)
479 4250 635 4332 ttttoquin
659 4250 796 4314 incurrit
810 4250 1072 4314 excommunica·
1166 4257 1268 4319 XVll.
1290 4255 1486 4320 confessarii
1511 4253 1700 4320 monialium
1717 4253 1913 4317 nullomodo

288 4355 411 4418 tionem
448 4359 479 4414 et
507 4352 588 4414 alias
619 4368 728 4431 prunas
755 4358 864 4414 contra
902 4349 1075 4414 violatores
1129 4355 1912 4436 possuntcomedere‚redci,autcibumsumere
1998 4333 1999 4360 ¹

287 4449 447 4514 clausuro)
463 4447 553 4513 latas.
1128 4457 1162 4520 in
1180 4473 1290 4521 earum
1309 4457 1530 4534 monasteriis,
1547 4455 1653 4520 scuin
1674 4455 1751 4520 locis
1772 4457 1829 4520 ubi
1841 4463 1913 4519 suut

325 4551 412 4616 XIV·
448 4548 643 4614 Cllssfessttli
682 4549 896 4624 monialium,
925 4550 1073 4631 quemvis
1129 4557 1453 4635 crates,velrotmin
1473 4557 1912 4637 monasteriumresponden·

286 4649 478 4734 generaliter
502 4651 657 4716 deberent
684 4651 812 4732 ingredi
836 4651 958 4731 absque
984 4651 1074 4715 socio
1129 4669 1193 4732 tes;
1212 4659 1259 4722 rel
1276 4658 1309 4720 in
1328 4656 1408 4720 locis
1424 4657 1507 4722 adeo
1529 4655 1658 4730 ricinis,
1676 4665 1710 4719 ut
1725 4655 1843 4730 rideri,
1865 4653 1910 4716 rel

286 4771 343 4835 pro
356 4753 576 4817 ministrandis
593 4752 797 4816 sacramentis
810 4753 1004 4817 monialibus
1019 4752 1073 4817 in·
1128 4759 1236 4823 audiri
1275 4759 1401 4838 possint
1427 4775 1444 4822 a
1471 4755 1679 4831 monialibus,
1710 4764 1910 4838 nequeunte

285 4853 385 4918 turmis
418 4851 471 4934 (ex
493 4853 613 4916 decret.
655 4867 736 4916 sacr.
765 4869 874 4933 congr.
912 4853 1021 4933 Episc.
1042 4860 1074 4916 et
1130 4859 1501 4942 polldmcldustltoetltl
1523 4859 1911 4940 expresscproomnibus

285 4951 401 5034 Rettul-
434 4952 472 5015 13
494 4953 671 5032 Seplembt·
698 4953 816 5034 ¹583)t
842 4962 947 5016 tamen
976 4953 1073 5017 bodie
1129 4956 1333 5039 regularibus
1357 4959 1470 5022 statuit
1498 4975 1578 5022 sacr.
1609 4975 1719 5039 congr.
1752 4959 1859 5038 Episc.
1882 4965 1910 5019 et

268 5003 277 5122 1
284 5053 502 5118 confessarius
517 5052 687 5132 regularis,
703 5069 768 5116 non
784 5053 927 5117 obstante
941 5053 1074 5135 antiqua
1128 5055 1243 5136 Regni.
1264 5057 1399 5135 pluries.
1996 5101 1997 5133 ,

284 5154 542 5230 consuetudine,
581 5153 703 5234 absque
734 5155 824 5218 socio
854 5155 981 5236 ingredi
1008 5172 1073 5218 nou
1167 5157 1282 5220 ttVttt.
1305 5157 1444 5235 Expedit
1470 5156 1557 5236 quod
1577 5155 1766 5221 confessarii
1789 5173 1907 5228 omnes,

274 5264 401 5350 potest,
423 5256 480 5321 sed
509 5256 606 5320 debet
633 5256 664 5319 ei
689 5257 845 5336 assignari
870 5257 993 5329 socius,
1014 5257 1072 5337 qui
1128 5266 1190 5320 tam
1207 5258 1361 5321 ordinarii
1377 5272 1473 5338 quam
1494 5257 1757 5332 extraordinarii,
1775 5269 1838 5322 tam
1857 5273 1908 5318 su·

283 5359 346 5438 ipsi
369 5359 498 5422 assistat
522 5365 552 5420 et
579 5357 621 5419 sit
645 5357 746 5420 artatis
774 5355 857 5420 ultre
886 5359 926 5422 5⁰
954 5374 1070 5434 annos,
1126 5360 1251 5423 culares
1267 5377 1363 5441 quam
1382 5359 1559 5439 regulares,
1580 5361 1742 5438 completo
1761 5376 1822 5422 suo
1845 5358 1906 5420 ollr·

283 5459 421 5540 riteque
447 5456 654 5535 exemplaris.
684 5459 738 5543 (S.
766 5475 876 5541 congr.
907 5459 1015 5539 Episc.
1041 5468 1072 5522 et
1127 5461 1179 5525 cio
1215 5468 1246 5523 et
1275 5459 1469 5533 ministerio,
1502 5475 1567 5522 non
1594 5458 1734 5538 emplius
1760 5457 1800 5521 ad
1831 5459 1907 5520 dictu

283 5559 418 5640 Regni„
453 5559 493 5625 fil
525 5558 679 5623 Februar.
723 5561 820 5636 tdt't,
856 5569 887 5623 et
917 5577 1071 5640 expresse
1128 5559 1907 5650 monasteriaaccedant,nequcobmotirumrtr·

283 5659 533 5724 Alexandervll
551 5660 646 5723 incit.
660 5660 789 5722 constit.
805 5660 932 5744 Felici.)
1126 5663 1292 5737 rectionis,
1318 5671 1349 5726 et
1363 5663 1571 5726 coniurentiae
1586 5661 1782 5742 spiritualis,
1805 5675 1905 5739 neque

321 5757 544 5826 Conimsarius
557 5757 714 5841 regularis
724 5759 1070 5844 montoliumeJusuue
1125 5763 1440 5846 correspondentiam
1461 5764 1626 5846 etiamper
1651 5764 1772 5826 litteras
1794 5760 1836 5823 ob
1851 5761 1906 5821 talc

282 5860 391 5929 socius
417 5857 644 5938 lconicssionis
667 5875 704 5926 ac
726 5869 1000 5928 sacramentorum
1015 5869 1070 5928 ad·
1128 5863 1603 5933 motivumterrerecumaliona
1618 5862 1903 5929 monialiinctusr.
1994 5881 1995 5886 ¹
