4042 6458
382 348 434 416 ut
890 321 1476 410 sunrscsuourctcoursuuruu.
1910 347 1944 414 ue

380 459 508 522 ritatem
542 455 708 538 spirituali
733 453 850 537 subiici
862 456 1063 536 potestati...
1086 455 1163 516 item
1216 453 1313 515 ritate
1337 470 1374 513 ac
1396 447 1609 529 munificentia
1630 453 1802 521 auserunt,
1819 449 1943 522 minuet

381 574 450 638 cap.
466 557 633 635 Principes
649 555 700 626 20,
717 569 812 617 causa
828 551 878 628 23,
897 560 1013 632 quaest.
1036 553 1067 626 5,
1091 551 1163 613 ibi:
1215 551 1351 613 aliorum
1371 549 1491 630 injuria
1513 545 1724 609 vindicarunt.
1747 545 1872 629 Adeoque
1889 563 1944 622 eote

383 657 579 734 l'opnoscant
600 653 766 734 principes
790 650 898 712 saculi
915 652 980 711 Deo
994 648 1104 712 debere
1131 666 1164 710 sc
1213 651 1390 731 requieque
1406 649 1543 731 ospicium
1556 665 1644 708 assem
1658 643 1763 708 sedulo
1775 659 1893 728 prestet:
1904 677 1943 738 pu

378 737 531 816 rationem
558 751 690 814 reddere
708 757 843 831 propter
862 747 1049 825 Ecclesiam,
1072 766 1164 830 quam
1214 752 1317 814 cultus
1340 749 1468 814 divinus
1491 750 1597 812 devote
1622 749 1772 822 exerceri,
1796 760 1826 843 et
1846 757 1943 832 pralut,
1972 785 1973 824 1

378 874 397 916 a
415 854 540 917 cbristo
559 852 703 916 tuendam
716 851 908 930 succipiunt.
924 849 1005 914 Nom
1020 850 1085 912 sive
1101 867 1161 910 aes·
1213 852 1376 931 caterique
1389 849 1498 914 clerici
1512 849 1546 912 in
1559 848 1741 912 residentiis
1756 855 1784 910 et
1801 851 1943 931 officiante

313 1029 317 1036 Ι
376 963 488 1034 pentius
502 969 571 1032 pas
586 961 615 1014 et
638 948 809 1030 disciplina
823 950 971 1014 Ecclesia
981 967 1041 1028 per
1058 947 1162 1030 fideles
1212 951 1322 1032 quieti,
1341 959 1370 1012 et
1392 951 1459 1011 sine
1480 946 1718 1030 impedimentis,
1741 953 1806 1009 cum
1822 953 1907 1030 fructu
1926 973 1943 1022 et

375 1053 548 1133 principes,
565 1054 628 1114 sive
641 1053 797 1124 solvatur,
815 1050 869 1112 ille
891 1050 928 1111 nb
945 1050 988 1112 eis
1007 1049 1163 1112 rationem
1211 1047 1415 1130 edificatione
1432 1051 1547 1132 populi
1564 1067 1745 1130 permanere
1767 1049 1881 1116 cdeont.
1894 1057 1944 1120 San.

376 1153 477 1230 accipet
499 1153 554 1233 qui
572 1171 679 1213 eornm
703 1151 855 1230 potestati
882 1168 970 1211 suam
990 1149 1162 1212 Ecclesiam
1211 1157 1259 1214 cta
1275 1149 1422 1230 synodus
1442 1149 1581 1212 decernit
1601 1156 1631 1210 et
1648 1148 1791 1229 pracipit
1806 1168 1891 1212 sacros
1909 1175 1942 1218 co·
1973 1201 1974 1230 2

375 1250 522 1316 credidit.
537 1254 575 1315 Et
588 1251 716 1314 tandem
733 1250 1159 1324 concilium'sridentinum,
1210 1266 1305 1310 nones
1336 1256 1366 1311 et
1391 1248 1526 1310 concilia
1553 1245 1716 1326 pencralia
1743 1250 1838 1310 omnia
1860 1269 1943 1318 nemu
1973 1249 1974 1254 ’

374 1369 455 1415 sess.
473 1353 529 1428 25,
550 1368 619 1430 cap.
637 1350 676 1412 20
693 1373 701 1412 e
721 1350 859 1430 Cupiens
884 1358 993 1410 sancta
1020 1348 1160 1428 synodus

375 1448 616 1513 ecclesiasticam
653 1449 858 1528 disciplinam
897 1449 932 1510 in
976 1449 1160 1511 Christiano

373 1549 491 1630 popolo
509 1569 574 1614 uon
597 1550 697 1613 solum
712 1549 850 1620 restitui,
865 1546 920 1609 sed
944 1548 1036 1609 etiam
1045 1565 1160 1628 perpe·

374 1659 428 1710 tuo
454 1659 573 1712 sartam
596 1657 707 1712 tectam
734 1649 999 1728 aquibuscunquc
1024 1647 1157 1727 impedi·

371 1751 485 1811 sneutis
507 1750 699 1823 conservari,
727 1757 843 1828 prater
860 1765 895 1808 eo
913 1764 979 1827 qua
1006 1745 1043 1807 de
1064 1747 1158 1810 eccle·

371 1849 510 1911 classicis
533 1850 680 1928 personis
700 1849 882 1923 constituit,
897 1848 1062 1910 saculares
1077 1866 1157 1930 quo·

371 1965 430 2028 que
459 1948 620 2029 principes
654 1949 753 2030 officii
776 1949 827 2012 sui
854 1947 1063 2012 admonendos
1094 1969 1157 2012 esse

370 2047 510 2118 censuit:
530 2047 687 2128 confidens
717 2066 779 2123 eos,
807 2057 843 2110 ut
869 2047 1056 2124 catholicos,
1080 2069 1157 2131 quos

368 2149 453 2210 Dens
490 2157 605 2210 sancta
626 2149 699 2229 fidei
720 2149 925 2231 Ecclesiaque
960 2159 1157 2230 protectores

370 2265 435 2308 esse
450 2247 564 2324 voluit,
589 2251 646 2330 Jus
658 2267 750 2311 suum
763 2249 913 2312 Ecclesia
930 2252 1069 2324 restitui,
1092 2270 1158 2313 noa

369 2356 492 2409 tantum
506 2367 570 2410 esse
585 2365 805 2426 concessuros,
825 2349 881 2411 sed
899 2352 992 2413 etiam
1013 2350 1156 2415 subditos

369 2465 475 2510 omnes
489 2447 530 2509 od
544 2447 677 2510 debitam
697 2465 771 2528 erpo
789 2448 916 2524 clerum,
939 2453 1108 2529 parocbos,
1126 2461 1156 2514 et

368 2549 553 2627 superiores
568 2548 696 2612 ordines
720 2550 924 2612 reverentiam
933 2565 1152 2622 revocaturos:

367 2665 424 2709 nec
439 2649 662 2724 permissuros,
691 2657 728 2709 ut
741 2647 903 2731 officiales,
916 2659 972 2710 aut
985 2651 1153 2729 inferiores

368 2745 575 2823 mopistratus
590 2745 750 2818 Ecclesia,
768 2755 797 2807 et
822 2764 1035 2825 personarum
1056 2751 1153 2812 eccle·

368 2845 570 2907 siasticorum
595 2843 835 2920 immunitatem,
860 2847 922 2908 Dei
955 2847 1154 2913 ordinatione

368 2951 399 3006 ct
413 2944 573 3006 canonicis
588 2944 804 3007 sanctionibus
819 2948 1033 3024 constitutam,
1047 2947 1153 3031 aliquo

366 3043 554 3120 cupiditatis
575 3041 694 3117 studio,
715 3061 770 3106 seu
789 3043 1075 3109 inconsideratione
1094 3050 1155 3112 ali·

366 3159 428 3221 quo
451 3143 568 3206 violent
576 3165 586 3214 ,·
606 3142 660 3206 scd
675 3162 738 3207 uno
763 3163 832 3208 cvm
854 3147 933 3225 ipsis
950 3149 1154 3230 principibus

367 3237 502 3305 debitam
534 3246 636 3308 sacris
665 3264 856 3308 summorum
888 3248 1075 3328 pontificum
1124 3260 1153 3314 et

367 3343 571 3405 conciliorum
611 3345 890 3408 constitutionibus
925 3346 1154 3411 observantiam

364 3449 524 3519 prostent.
543 3443 690 3506 Deseruit
705 3445 810 3524 itaque
827 3453 856 3506 et
875 3448 1024 3526 pracipit
1045 3465 1152 3512 sacros

365 3559 498 3603 conones
513 3549 543 3604 et
556 3544 692 3607 eoncilia
724 3547 885 3625 peneralia
901 3549 1017 3624 omnia,
1031 3564 1154 3614 necnon

259 3629 264 3638 ’
364 3641 445 3704 alias
468 3641 662 3724 apostolicas
682 3647 872 3721 sanctiones,
892 3650 927 3712 in
942 3651 1082 3728 savorem
1103 3670 1154 3714 sc·

364 3739 612 3804 clesiostieorum
629 3760 848 3823 personarum,
872 3745 1028 3814 libertatis
1056 3749 1153 3812 eccle·

363 3837 511 3915 siastica,
541 3851 570 3905 et
602 3852 714 3906 contro
738 3845 804 3925 dus
834 3843 1005 3912 violatores
1037 3845 1149 3926 editas,

363 3955 431 4018 qua
449 3941 553 4003 omnia
568 3945 720 4022 prasenti
744 3945 838 4006 etiam
859 3947 982 4008 decreto
1007 3949 1150 4022 innovat,

364 4047 472 4101 exacte
504 4039 542 4102 ab
572 4041 714 4104 omnibus
739 4041 902 4107 observari
927 4044 1048 4112 debere.
1070 4049 1152 4112 Pro-

360 4145 528 4218 pterenque
547 4139 693 4202 admonet
710 4143 942 4222 imperatorem,
961 4163 1062 4226 repes,
1083 4167 1151 4211 res·

362 4239 521 4319 publicas,
546 4241 721 4323 principes,
749 4252 780 4306 et
807 4262 910 4307 omnes
938 4254 970 4309 et
995 4247 1149 4328 simpulos,

363 4338 575 4420 cujuscunque
594 4349 695 4404 status
718 4350 748 4404 et
770 4341 936 4422 dipnitotis
950 4348 1147 4425 restiterint,

362 4449 398 4504 ut
412 4458 472 4522 quo
488 4443 609 4524 turpius
630 4444 720 4509 bonis
743 4447 1092 4532 temperationemque
1115 4453 1149 4516 in

362 4540 443 4604 alios
461 4551 617 4622 potestate
629 4553 705 4607 sunt
729 4549 847 4619 ornati,
861 4566 895 4610 eo
911 4551 1066 4625 sanctius,
1084 4569 1151 4632 qua

363 4641 565 4706 ecelesiastici
582 4644 670 4727 juris
695 4655 792 4722 sunt,
815 4656 965 4728 tanquam
986 4650 1045 4712 Dei
1068 4667 1151 4730 pra-

363 4749 463 4820 cepta,
486 4741 611 4822 ejusque
638 4744 820 4824 patrocinio
842 4753 924 4809 tecto
942 4758 1149 4820 venerentur,-

362 4857 419 4901 nec
434 4837 474 4901 ab
498 4839 574 4903 ullis
595 4840 778 4917 baronibus,
804 4840 989 4921 domicellis,
1015 4849 1150 4911 rectori·

362 4932 433 5009 bus,
450 4937 560 5001 aliisve
576 4937 712 5004 murinis
736 4944 972 5025 temporalibus,
996 4949 1148 5010 mosim·

362 5052 420 5117 que
439 5038 596 5102 ministris
617 5041 758 5122 ipsorum
779 5045 967 5124 principum
994 5043 1066 5110 tadi
1088 5065 1149 5127 po·

362 5137 496 5215 tiantur,
518 5139 574 5202 sed
598 5158 702 5203 severs
720 5142 754 5204 in
769 5161 832 5221 eos,
855 5145 910 5226 qui
936 5144 1024 5209 illins
1052 5147 1143 5211 liber·

361 5247 475 5315 tatem,
509 5239 734 5306 immunitatem
770 5253 862 5326 atque
888 5247 1149 5327 jurisdictionem

360 5337 547 5418 impediant,
562 5341 822 5420 animadvertant,
838 5343 951 5425 quibus
965 5345 1058 5409 etiam
1072 5347 1149 5430 ipsi·

359 5449 420 5500 met
436 5440 580 5522 exemplo
602 5440 644 5503 ad
663 5442 823 5522 pietatem,
837 5443 1031 5525 sclipionem,
1047 5444 1147 5510 eccle·

359 5541 538 5623 siarumque
546 5526 775 5624 protectionem
794 5545 962 5621 ecsistant,
987 5545 1147 5608 imitantes

359 5641 533 5706 anteriores
555 5645 689 5729 optimos
711 5641 1027 5731 sclipiosissimasque
1055 5647 1148 5726 prin·

361 5741 459 5821 cipis,
478 5745 533 5825 qui
547 5762 596 5806 res
620 5745 770 5809 Ecclesia
794 5765 852 5810 sua
866 5748 1021 5828 imprimis
1034 5758 1142 5813 avecto-

1210 1347 1290 1410 alias
1314 1347 1506 1427 apostolicus
1523 1347 1714 1422 sanctiones,
1737 1347 1771 1408 in
1793 1349 1944 1427 [coama-

1210 1449 1458 1512 clesiasticarum
1480 1466 1704 1526 personarum,
1728 1445 1943 1516 libertatiseccle·

1209 1549 1360 1619 siasticce,
1386 1557 1414 1610 et
1448 1557 1560 1616 contra
1594 1551 1661 1630 ejus
1690 1549 1849 1612 violatores
1876 1553 1942 1616 editu
1974 1589 1975 1638 t

1208 1665 1275 1728 pua
1289 1649 1394 1710 omnia
1415 1649 1566 1729 prasenti
1587 1648 1681 1712 etiam
1704 1647 1821 1711 decreto
1843 1651 1941 1730 inuocat,

1209 1758 1316 1813 eaacte
1330 1751 1367 1814 ob
1382 1751 1536 1824 omnibus,
1551 1757 1816 1830 consequentuer
1830 1751 1940 1834 principi-

1207 1851 1449 1930 bus,observori
1460 1851 1580 1915 debere.
1599 1855 1683 1930 Ergo
1698 1868 1738 1914 aa
1752 1861 1886 1930 precepto
1897 1857 1942 1936 Spi-

1208 1955 1290 2017 ritus
1321 1954 1420 2016 sanoti
1460 1969 1517 2032 per
1547 1951 1723 2016 concilium
1760 1955 1941 2020 oecumenicuu
1975 1994 1976 2048 p

1209 2060 1358 2116 tenentur
1384 2059 1414 2114 et
1431 2052 1614 2133 obligantur
1639 2051 1799 2132 principes
1819 2053 1940 2134 tuerijuu
1975 2051 1976 2096 l

1207 2152 1335 2228 omnis,
1352 2152 1433 2214 bona
1457 2158 1494 2216 et⁴
1519 2149 1663 2216 dominia
1694 2149 1941 2232 Ecclesiaetpriu-

1207 2253 1344 2334 cipetum
1360 2253 1488 2316 civilem
1504 2259 1619 2316 sancta
1633 2251 1734 2326 sedis,
1749 2251 1801 2332 qui
1810 2251 1941 2316 simulcuu

1207 2351 1941 2436 oscinibusjuribusetbonisccclesissticisediu·
1976 2400 1977 2482 p

1206 2454 1395 2519 munitatem
1414 2461 1446 2518 et
1461 2454 1638 2518 libertatem
1666 2452 1812 2516 Ecclesia
1832 2455 1940 2533 pertinet.
1976 2487 1977 2530 ,

1205 2557 1380 2638 Propterea
1393 2553 1654 2635 sanctasynodus
1667 2553 1809 2616 admonet
1822 2555 1941 2635 imperato

1204 2675 1389 2736 rem,repes,
1404 2655 1824 2737 respublicos,principes,et
1837 2667 1940 2717 omneset
1976 2643 1977 2686 b

1205 2756 1363 2836 empulae,
1398 2757 1610 2838 cujuscunque
1643 2763 1748 2818 status
1773 2765 1801 2818 et
1819 2755 1939 2835 divnitatis

1205 2858 1400 2932 essetecum,
1421 2865 1507 2922 ut...
1534 2875 1569 2920 eo
1585 2859 1741 2930 sanctius,
1763 2857 1939 2936 paraclesis·

1205 2960 1373 3040 sticijuris
1388 2967 1474 3034 sunt,
1493 2967 1643 3039 tanquam
1655 2957 1717 3019 Dei
1728 2965 1868 3036 precepto
1878 2975 1938 3017 reue·
1977 3005 1978 3026 ,

1204 3068 1328 3122 rentur.
1351 3062 1434 3140 Ergo
1452 3065 1603 3138 tanquam
1624 3057 1685 3120 Dei
1710 3063 1940 3136 precepcione

1204 3164 1257 3223 tur
1275 3172 1387 3220 omnes
1412 3155 1580 3229 venerari,
1617 3153 1783 3218 obsecrari
1805 3153 1939 3216 sanctium

1204 3255 1372 3319 canonicas
1387 3271 1486 3334 super
1498 3255 1755 3330 bonadominla,
1765 3254 1832 3334 jura
1845 3261 1870 3317 et
1880 3254 1938 3332 prtu-

1205 3355 1344 3434 cipetum
1358 3355 1487 3420 cisilem
1501 3361 1618 3418 sanctu
1632 3354 1742 3428 sediss
1758 3359 1887 3433 pratens
1898 3352 1938 3412 iu·

1204 3462 1344 3537 perator,
1363 3473 1456 3534 reges
1479 3463 1510 3518 ct
1533 3454 1697 3535 principes
1717 3461 1853 3519 tenentur
1870 3471 1939 3514 seven
1978 3449 1979 3484 ³

1203 3558 1239 3622 in
1267 3575 1332 3628 eos,
1357 3558 1412 3636 qui
1436 3555 1526 3620 illius
1547 3555 1739 3631 libertatem,
1766 3555 1938 3619 inmusicum

1202 3665 1296 3738 atqese
1312 3655 1575 3739 jurisdictionem
1588 3655 1777 3735 impediunt,
1794 3651 1939 3716 enimdeo·

1202 3765 1279 3834 tere,
1305 3762 1337 3821 ot
1360 3773 1380 3822 a
1405 3755 1531 3822 iustiori
1559 3755 1595 3820 iu
1622 3755 1786 3820 invasores
1821 3763 1847 3818 et
1874 3767 1938 3815 usur¹

1202 3867 1329 3940 pantes.

1243 4017 1282 4082 V.
1304 4015 1446 4080 Tandem
1465 4029 1578 4078 omncs
1596 4021 1711 4096 gentes
1725 4011 1878 4084 catholica,
1891 4023 1938 4070 ou·

1201 4133 1325 4198 aesque
1348 4121 1380 4180 et
1399 4113 1521 4196 singuli
1543 4113 1776 4178 Christifldeles
1800 4129 1835 4174 ex
1855 4109 1934 4172 aden

1201 4215 1331 4280 decreto
1345 4222 1376 4278 ot
1392 4214 1485 4288 eliis,
1504 4221 1672 4287 tenentur,
1692 4228 1750 4292 pro
1765 4225 1861 4290 posse,
1877 4221 1935 4268 eeu·

1202 4314 1275 4377 dem
1294 4313 1446 4378 Ecclesia
1470 4313 1706 4388 detrusionem,
1728 4310 1830 4375 eadem
1852 4313 1876 4370 et
1896 4303 1936 4368 ebs

1201 4414 1322 4478 auxilia
1337 4422 1500 4495 praetore.
1517 4415 1673 4478 Pratcrea
1688 4428 1761 4475 cum
1775 4407 1868 4472 omnia
1881 4405 1936 4466 bone

1201 4513 1318 4594 ctjura
1342 4521 1459 4578 sancta
1481 4513 1570 4576 sedis
1601 4510 1787 4590 temporalia
1809 4503 1845 4569 od
1865 4519 1935 4566 onss

1200 4612 1370 4679 rotbolicos
1389 4614 1583 4695 pertineant,
1599 4629 1701 4694 caque
1717 4607 1850 4690 usurpari
1869 4611 1935 4668 stoc·

1200 4711 1309 4793 aupaci
1336 4719 1519 4794 nequeant,
1546 4712 1624 4794 quia
1652 4709 1792 4774 omnibus
1816 4700 1935 4769 causton

1199 4814 1321 4898 injuria
1342 4813 1511 4895 inseratur,
1526 4811 1738 4894 consequitur
1763 4816 1796 4874 ut
1814 4819 1901 4871 omnes
1915 4809 1935 4862 et

1200 4911 1324 4994 singuli
1345 4911 1490 4976 catholici
1502 4910 1558 4993 jus
1576 4919 1609 4974 et
1627 4910 1765 4976 officium
1787 4907 1816 4970 in
1832 4899 1933 4967 sotibou

1200 5009 1337 5078 habeant
1352 5011 1439 5092 quod
1455 5027 1551 5074 suum
1577 5017 1626 5074 est
1649 5007 1816 5074 detondere
1835 4997 1935 5079 injuris·

1199 5133 1258 5197 pue
1276 5112 1468 5192 propellere.
1485 5118 1516 5176 et
1531 5111 1676 5192 eiusdem
1692 5110 1785 5174 illata
1801 5099 1933 5184 reparato·

1200 5229 1275 5276 nem
1304 5220 1336 5276 et
1366 5210 1604 5274 restitutionem
1635 5226 1692 5288 per
1723 5205 1823 5270 omnia
1843 5203 1869 5263 ic
1893 5206 1933 5258 suo

1200 5325 1297 5392 posse
1318 5309 1424 5373 medis
1440 5307 1584 5390 legitime
1600 5306 1749 5390 prosequi
1766 5303 1849 5372 etiem
1861 5298 1884 5362 ri
1896 5311 1933 5356 u·

1198 5423 1326 5471 morum
1340 5405 1485 5486 cogendo
1501 5403 1703 5486 spoliatores.

1240 5549 1320 5612 Cum
1336 5554 1443 5611 sutem
1459 5563 1573 5612 amnes
1589 5542 1810 5614 christifideles
1829 5538 1888 5619 jure
1900 5526 1932 5590 ti·

1199 5647 1276 5711 vino
1296 5653 1466 5711 teneantur
1493 5647 1678 5717 neccssaria
1696 5641 1833 5714 Ecclesia
1846 5643 1930 5710 suppe-

1199 5748 1311 5824 ditare,
1338 5747 1548 5831 consequitur
1569 5764 1683 5814 amnes
1707 5738 1829 5824 obligari
1849 5731 1878 5798 ab
1891 5739 1929 5790 nt·
