4042 6458
100 323 147 390 bil
413 316 511 382 PARS
528 317 585 379 111.
608 317 658 382 ult
679 315 876 382 reasoms.
893 339 932 356 ··
950 319 1024 382 lta.
1045 321 1096 384 11.
1121 321 1169 384 bu
1189 320 1329 397 entem,
1352 321 1432 384 ETC.
1681 320 1735 386 522

98 437 164 516 ipsa
189 429 364 512 possessis.
387 431 474 508 (Erec
497 429 665 494 conclusio
692 439 741 496 est
765 431 805 495 dc
830 432 890 498 fide
946 433 1006 494 ctis
1022 432 1188 498 deberesi
1204 431 1427 506 Wiolellii‚bis
1442 429 1588 495 terminis
1602 452 1610 494 ε
1624 432 1735 496 Utrum

97 531 200 615 qrroad
217 546 332 594 omnes
347 526 490 610 partes.)
946 534 1054 596 eredot
1085 534 1168 614 qnod
1194 537 1388 616 auferentes,
1411 531 1554 596 tollentes
1583 540 1613 596 et
1647 535 1735 596 incn-

136 636 164 696 1.
181 633 231 698 Ex
248 629 451 694 damnatione
466 645 524 709 per
540 630 632 692 ioan.
651 629 745 694 xxti
765 629 799 694 io
826 646 885 694 ex·
944 629 1052 692 dentes
1073 630 1154 693 bonu
1178 632 1250 711 ipso
1265 630 1475 694 ecclesiastico
1495 631 1561 692 sint
1587 640 1736 711 tunquam

98 744 170 798 trau
195 733 278 796 Cum
302 733 389 795 inter
406 733 579 794 nonnullos
602 731 640 804 le,
658 737 689 794 el
707 731 789 808 Quin
812 750 892 812 quo-
946 727 1096 808 sorrileqi
1127 729 1303 811 puniendi,
1334 731 1459 793 etiamsi
1487 729 1566 792 mole
1594 731 1735 792 eicerent

98 831 240 898 eumdum
255 835 286 907 ὅ,
302 832 351 894 tit.
364 850 418 896 xiv
434 829 667 912 propositionis
683 840 718 895 ut
731 830 889 896 hereticae
944 845 1086 908 personet
1107 830 1323 894 ecclesiastice
1338 831 1419 894 bono
1437 830 1618 912 hujusmodi
1629 834 1733 913 possi·

99 942 135 997 de
157 939 343 1013 paupertate
362 930 480 995 Christi
496 937 526 994 el
541 931 773 1010 apostolorum,
794 931 892 1012 hujus
946 929 1065 993 dentes.
1086 932 1165 995 ltern
1185 951 1193 991 z
1211 933 1320 996 Utrum
1331 931 1438 995 eredot
1456 933 1539 1012 quod
1555 933 1735 1014 hujusmodi

100 1032 218 1096 tenoris
247 1053 256 1094 ε
282 1030 462 1096 «cbristus
477 1036 508 1094 et
522 1028 681 1109 apostoli,
701 1028 735 1094 in
756 1029 799 1092 iis
821 1046 894 1110 ques
945 1029 1062 1096 ublotio
1078 1039 1108 1094 et
1123 1032 1246 1117 invasio
1261 1032 1436 1113 cuicunque
1459 1033 1735 1108 sacerdotiorum

101 1133 254 1196 babuisse
277 1130 447 1210 leguntur,
469 1135 593 1193 tantum
613 1129 795 1193 babuerunt
819 1128 891 1193 abs·
945 1129 1026 1193 nole
1052 1133 1186 1205 nicenti,
1212 1141 1342 1207 temere,
1375 1133 1425 1195 oel
1448 1135 1601 1196 uiolenter
1630 1137 1733 1216 furto,

101 1250 160 1312 que
184 1230 262 1311 jure
286 1231 399 1311 aliquo
426 1229 605 1309 simplicem
636 1246 731 1293 usum
756 1227 843 1292 loeti.
876 1253 891 1288 u
945 1231 995 1294 rel
1014 1229 1105 1294 illoto
1128 1230 1258 1293 induent
1282 1228 1495 1310 oocrileqiurn.
1512 1234 1655 1314 ideoque
1676 1236 1736 1315 qui

103 1336 137 1398 Et
161 1331 259 1394 etiam
288 1347 327 1393 ex
356 1329 562 1392 damnatione
592 1345 648 1408 per
676 1329 839 1392 Urbanum
865 1331 891 1392 V
946 1330 1103 1395 affirmant
1122 1331 1209 1412 qnod
1235 1329 1436 1404 auferentes,
1453 1331 1603 1396 tollentes
1628 1341 1658 1398 et
1681 1336 1735 1397 in-

102 1430 363 1515 prepositionum
375 1429 524 1510 Dionysii
540 1427 684 1492 Solechat
709 1427 894 1493 eFraticel-
949 1432 1099 1499 uadentes
1126 1433 1208 1496 bona
1235 1433 1304 1512 ipsa
1334 1433 1551 1497 ecclesiastico
1578 1452 1642 1498 non
1670 1435 1735 1498 sint

109 1534 208 1597 lorum
221 1537 330 1604 secta;
346 1530 422 1592 item
437 1546 477 1592 ex
493 1528 698 1590 damnatione
717 1545 775 1606 per
796 1544 894 1608 syno·
946 1538 1097 1611 tanquam
1124 1532 1271 1612 sacrilegi
1296 1533 1472 1613 puniendi,
1490 1541 1545 1596 aut
1570 1535 1626 1615 qui
1647 1535 1735 1597 vitn-

103 1633 172 1695 dnm
188 1627 472 1692 constantiensem
487 1633 518 1688 et
533 1625 704 1688 Martinam
719 1626 892 1688 Vloannis
946 1638 1058 1710 perant
1084 1647 1247 1694 summum
1273 1631 1457 1711 pontificem
1486 1648 1525 1694 eo
1546 1631 1633 1712 qnod
1661 1632 1736 1694 talia

103 1729 252 1794 Wiclellii
270 1731 532 1813 propositionum
552 1731 606 1804 ¹0,
622 1730 677 1802 32,
694 1731 749 1804 33,
768 1731 825 1807 36,
840 1731 891 1814 3ἱξ.
947 1738 1079 1810 agentes
1105 1731 1385 1804 excommunicet,
1414 1749 1522 1813 neque
1548 1732 1597 1794 eis
1632 1732 1735 1807 cedat,

105 1832 242 1910 ideoque
271 1831 331 1912 qni
356 1838 473 1910 negant
498 1830 553 1909 jus
576 1829 725 1892 diuinum
742 1828 894 1893 Ecclesie
946 1831 1086 1910 suspecti
1111 1839 1187 1893 sunt
1206 1831 1245 1893 de
1268 1830 1382 1894 haeresi
1405 1829 1571 1909 Wieleffll,
1590 1841 1621 1894 et
1645 1831 1674 1892 si
1701 1832 1736 1894 in

106 1927 239 1992 habendi
256 1938 289 1992 et
316 1929 504 2010 possidendi
524 1928 608 1992 bona
628 1936 659 1990 et
677 1928 751 2009 jura
766 1935 892 2006 tempo·
944 1925 1061 1990 iisdem
1087 1929 1322 1992 assertionibus
1349 1929 1555 2007 pertinaciter
1584 1946 1738 2009 perseue-

107 2030 189 2103 ralia,
205 2038 286 2094 sunt
301 2029 456 2103 baeretici,
473 2036 504 2092 et
519 2045 536 2092 a
549 2028 640 2092 nullo
652 2027 718 2092 nisi
734 2044 751 2091 a
766 2041 893 2090 summo
946 2034 1040 2103 rent,
1059 2034 1227 2109 nequeunt
1240 2028 1360 2092 anullo
1372 2026 1437 2093 alio
1448 2046 1544 2109 qnam
1560 2046 1577 2092 a
1591 2031 1736 2094 Romano

105 2130 269 2210 pontifice,
298 2136 511 2210 preterquam
536 2127 570 2190 in
597 2127 733 2191 articulo
760 2129 892 2202 mortis,
946 2127 1113 2208 pontifice,
1142 2134 1354 2209 preterquam
1381 2129 1414 2192 in
1438 2131 1574 2195 articulo
1603 2133 1735 2207 mortis,

105 2230 221 2298 absolvi
238 2237 400 2309 possunt3
426 2228 678 2308 sacerdotesque
701 2244 895 2308 praesumen·
947 2227 1089 2304 absolri;
1113 2229 1360 2308 sacerdotesque
1388 2229 1438 2294 rel
1464 2231 1559 2294 etiarn
1591 2232 1736 2312 episcopi

107 2335 220 2392 teseos
237 2327 430 2403 absoluere,
456 2327 608 2408 majorem
633 2324 895 2390 excommunica·
947 2325 1026 2391 tales
1051 2327 1218 2392 absoluere
1241 2336 1490 2407 presumentes,
1517 2330 1671 2411 majorem
1704 2339 1736 2395 et

111 2429 223 2490 tionem
258 2427 432 2492 incurrunt
462 2443 503 2490 ex
529 2424 618 2490 bulla
649 2424 826 2487 Posterotr'r
859 2425 893 2490 in
947 2435 1142 2490 reservatam
1157 2429 1526 2494 excommunicationem
1548 2430 1734 2511 incurrunt,

109 2529 219 2592 Coena.
947 2542 988 2590 ex
1012 2527 1100 2590 bulla
1117 2527 1227 2592 tono.

144 2627 172 2688 ἓ.
195 2627 242 2688 Ex
257 2639 329 2704 cap.
343 2639 439 2704 supra
453 2622 507 2685 cit.
521 2621 599 2688 Cum
612 2621 697 2685 inter
712 2620 894 2696 nonnullos,
986 2626 1017 2690 lu.
1039 2629 1086 2690 Ex
1104 2627 1256 2692 omnibus
1270 2627 1388 2709 positis
1411 2627 1588 2709 praemissis
1603 2629 1738 2696 deduci·

111 2731 264 2804 etlrflvts·
280 2726 375 2788 10⁸⁰·
392 2723 501 2798 XXfl·
516 2723 557 2784 de
568 2722 629 2784 ΜΘ
642 2727 690 2782 esi
704 2740 720 2776 u
734 2719 894 2783 Christum
948 2733 1001 2789 tur
1021 2725 1084 2791 alia
1100 2728 1243 2808 rigorose
1257 2735 1288 2792 et
1303 2728 1393 2792 valde
1405 2730 1545 2794 notanda
1556 2731 1735 2808 conclusio,

112 2824 239 2904 ejusque
262 2822 451 2903 apostolos,
476 2823 509 2884 id
537 2831 586 2885 est
609 2819 809 2895 Ecclesiam,
836 2819 894 2882 ba·
948 2823 1073 2888 scilicet
1096 2826 1182 2906 quod
1209 2826 1264 2906 J‘us
1288 2827 1495 2908 proprietatis
1518 2828 1670 2892 Ecclesiae
1693 2831 1738 2894 sit

82 2935 89 2946 ·
113 2924 213 2986 baisse
237 2939 315 2986 cum
338 2923 435 3002 pleno
457 2921 532 3002 jure
559 2920 691 3001 aliqua,
720 2919 834 2984 saltem
861 2919 894 2984 in
944 2923 1000 3004 jus
1024 2943 1229 3006 supremum,
1254 2943 1327 2990 cum
1355 2927 1399 2990 sit
1422 2928 1463 2991 ab
1484 2929 1573 2990 omni
1597 2930 1738 2996 bumana

113 3027 279 3090 communi.
306 3049 323 3085 »
351 3029 435 3106 Ergo
457 3025 497 3090 de
514 3025 576 3088 lide
590 3031 713 3087 certium
735 3030 784 3086 est
806 3021 895 3102 quod
947 3033 1120 3105 potestate,
1137 3025 1177 3088 ab
1194 3025 1346 3090 omnibus
1357 3026 1560 3091 secularium
1584 3025 1738 3094 ciuilibus

114 3127 264 3201 Ecclesia,
286 3134 382 3205 prout
399 3133 447 3190 est
462 3123 599 3188 societas
614 3121 895 3196 diuino-bumana,
949 3123 1077 3204 legibus
1106 3124 1344 3204 independens.
1376 3125 1445 3188 Etsi
1474 3124 1573 3205 igitur
1603 3125 1739 3192 minima

114 3226 188 3290 bona
216 3243 274 3289 sua
298 3223 497 3304 ,temporalia
525 3223 565 3286 de
589 3223 664 3303 jure
687 3221 800 3286 divino
824 3236 898 3298 pos·
947 3225 1049 3289 luerit
1078 3225 1226 3290 Ecclesiae
1254 3225 1448 3307 proprietas,
1482 3225 1608 3289 etiamsi
1636 3245 1739 3294 unum

115 3328 218 3390 sideat.
236 3359 276 3372 -
293 3326 438 3404 ideoque
465 3325 678 3386 assertionem
704 3321 896 3385 contrariam
949 3332 1071 3389 tanturn
1084 3325 1226 3405 agellum
1239 3325 1273 3387 in
1287 3325 1440 3389 uniuerso
1453 3325 1531 3390 orbe
1544 3325 1736 3405 possideret,

116 3427 303 3506 pertinacem
328 3433 476 3488 tenentes
491 3430 522 3487 et
537 3422 730 3485 affirmantes
746 3428 822 3483 sunt
837 3419 898 3481 bc-
949 3423 1038 3488 hunc
1053 3429 1083 3488 ul
1098 3424 1184 3506 juris
1206 3425 1260 3487 sui
1282 3424 1445 3504 supremi,
1463 3425 1619 3489 naturalis
1640 3433 1671 3491 ot
1689 3427 1739 3491 di·

117 3527 217 3602 retici,
237 3534 269 3592 et
285 3533 453 3608 nequeunt
470 3541 489 3588 a
508 3523 599 3586 nullo
613 3521 679 3586 alic
693 3536 789 3601 quem
803 3534 823 3581 a
835 3520 899 3582 llo·
948 3521 1016 3584 vini
1032 3521 1199 3601 proprium
1216 3520 1358 3590 baberet.

118 3644 201 3690 nano
231 3626 381 3707 pontifice
409 3621 555 3698 absolvi,
589 3621 653 3686 nisi
684 3620 718 3683 in
752 3616 897 3698 periculo
989 3619 1102 3702 ltaque
1124 3636 1328 3701 quecunque
1354 3620 1559 3702 proprietatis
1585 3623 1738 3688 Ecclesiae

119 3727 237 3803 mortis,
256 3733 494 3806 consequenter
515 3722 697 3786 sacerdotes
720 3727 778 3783 aut
801 3717 897 3781 etiam
952 3718 1084 3783 violatio
1111 3727 1283 3784 attentatur
1313 3717 1381 3801 jnri
1417 3722 1639 3802 suprematiae,
1667 3724 1737 3807 juri

119 3827 250 3906 episcopi
275 3831 508 3906 presumentes
526 3822 659 3886 eosdem
676 3821 797 3899 absque
818 3833 900 3897 pon·
950 3827 1088 3896 eterno,
1108 3817 1177 3900 juri
1198 3819 1328 3900 proprio
1345 3819 1406 3886 Dei
1432 3821 1555 3902 ipsius,
1574 3824 1631 3904 qui
1650 3825 1738 3888 indi-

121 3925 205 3988 tilieia
225 3923 378 3988 facultate
402 3920 592 3994 absolvere,
612 3917 766 3997 majorem
788 3922 819 3978 et
844 3931 897 3978 re·
951 3917 1046 3980 risim
1070 3933 1144 3980 cum
1163 3917 1307 3981 Ecclesia
1333 3919 1497 3998 possiden
1522 3921 1640 4001 triplex
1664 3923 1736 3988 rio·

116 4029 264 4088 serratam
301 4019 670 4087 excommunicationem
708 4015 896 4091 incurrunt,
950 4017 1029 4082 latio
1050 4035 1122 4097 qno
1146 4033 1209 4080 non
1233 4023 1357 4081 tantum
1382 4017 1505 4082 lurtum
1527 4027 1558 4084 et
1583 4019 1737 4102 inprriam

124 4139 157 4183 ex
170 4122 252 4184 bulla
269 4117 450 4183 Portunalis
468 4118 639 4182 inliciens.
951 4133 1025 4181 cum
1040 4116 1253 4180 restitutionis
1271 4116 1486 4198 obligatione,
1503 4120 1560 4182 sod
1575 4121 1673 4185 etiam
1687 4138 1738 4187 sa·

155 4225 183 4286 3.
199 4227 242 4288 lte
263 4225 326 4288 tide
345 4230 392 4286 est
414 4219 590 4285 Ecclesiam
604 4213 687 4299 pure
711 4215 822 4281 dinuo
843 4216 901 4279 ha-
951 4215 1078 4296 crilogii
1093 4216 1215 4281 crimen
1229 4215 1416 4286 constituit.
1433 4223 1464 4280 et
1478 4220 1738 4286 excommunica·

124 4323 190 4388 bere
205 4326 337 4405 plenum
353 4330 384 4386 et
408 4320 603 4402 perfectum,
624 4320 691 4380 imo
708 4331 899 4394 supremum
951 4315 1051 4379 tionis
1072 4323 1242 4381 reservate
1262 4330 1384 4396 pennam
1408 4315 1482 4395 ipso
1505 4314 1589 4382 iacto
1611 4326 1643 4383 et
1662 4319 1738 4402 jura

126 4431 151 4485 et
164 4419 536 4503 exemptumosoootori
549 4424 704 4498 potestne
716 4414 898 4479 dominium
951 4415 1102 4480 incurrit.
1758 4471 1767 4530 Ι

125 4522 254 4586 inbonis
280 4530 313 4587 et
339 4521 470 4603 jnribus
501 4516 734 4598 temporalibus
760 4515 799 4578 ab
829 4513 900 4595 ipsa
990 4513 1120 4579 Prolata
1148 4513 1306 4593 principia
1328 4519 1444 4577 sancte
1462 4513 1551 4578 sedis
1574 4522 1737 4596 tempora-

126 4624 283 4700 possessis.
302 4657 341 4670 —-
356 4625 388 4686 1·
410 4622 458 4685 Ex
472 4623 688 4698 extravagant.
711 4617 789 4680 Cum
815 4616 900 4678 inter
951 4617 1000 4680 les
1020 4622 1120 4678 status
1134 4613 1247 4677 eodem
1262 4613 1405 4677 modoac
1423 4613 1572 4678 minimas
1587 4617 1739 4684 Ecclesiae

126 4724 281 4786 enunties
297 4723 328 4800 le,
344 4728 376 4786 et
390 4721 475 4799 Quin
493 4714 753 4800 quarantene,
779 4714 828 4778 tit.
842 4731 899 4778 xre
952 4717 1165 4798 proprietates
1179 4713 1214 4778 in
1226 4729 1419 4794 quacunque
1434 4714 1546 4778 mnndi
1562 4723 1648 4795 parte
1659 4717 1739 4781 sitas

128 4821 207 4884 toan.
222 4824 332 4898 xxm
347 4823 380 4884 2·
394 4824 440 4884 Ex
451 4816 655 4883 damnatione
668 4813 901 4896 propositionis
953 4821 1081 4896 regunt.
1096 4812 1220 4877 Exinde
1237 4810 1325 4892 quod
1339 4811 1491 4878 Ecclesiae
1505 4815 1682 4893 proprietas
1698 4815 1740 4878 sit

129 4925 250 4988 llarsilii
265 4922 411 4989 Patavini
426 4937 524 5001 supra
537 4920 649 4994 citata3
664 4919 696 4981 3·
714 4936 754 4982 ex
771 4919 901 4983 damna·
949 4917 1004 4997 jus
1019 4912 1167 5000 naturale
1189 4927 1376 4991 supremum
1391 4919 1423 4974 et
1437 4912 1603 4993 diuinum,
1625 4930 1741 4979 conse·

129 5017 604 5105 tionepropos.loan.Wiclellii
616 5016 902 5099 ldperconcilium
953 5015 1064 5097 quitur
1078 5014 1178 5079 solam
1197 5013 1371 5076 Ecclesiam
1388 5029 1483 5092 posse
1498 5031 1647 5079 exercere
1665 5015 1741 5098 jura

130 5125 358 5192 constantiense
369 5135 399 5190 et
410 5125 586 5189 Eartiuom
598 5119 743 5199 v‚hujus
754 5119 901 5182 tenoris:
954 5131 1113 5194 supreme
1128 5113 1294 5194 potestatis
1310 5118 1341 5175 et
1362 5113 1549 5194 gubernalia
1572 5112 1606 5177 in
1626 5129 1741 5180 omnes

131 5226 285 5290 «Domini
305 5224 499 5306 temporales
521 5225 658 5299 possunt
676 5219 716 5283 ad
734 5219 902 5282 arbitrium
954 5215 1133 5279 incolentes
1153 5212 1189 5275 in
1213 5212 1352 5276 dirersis
1373 5213 1546 5276 territoriis
1572 5213 1612 5278 ad
1637 5213 1741 5294 ipsam

133 5337 216 5386 snum
230 5326 354 5390 auterre
368 5327 451 5388 bona
466 5319 654 5402 temporalia
672 5321 712 5384 ab
738 5319 901 5394 Ecclesia,
954 5311 1204 5394 pertinentibus.

135 5419 598 5498 possessionatis‘habitualiter
621 5415 901 5499 delinquentibus,
965 5395 1057 5473 'olles
1082 5425 1155 5473 cum
1188 5409 1233 5472 itt
1257 5405 1342 5480 siut,
1367 5403 1466 5487 idque
1499 5423 1594 5470 nemo
1616 5423 1742 5488 sstem

135 5517 163 5578 id
177 5529 218 5583 est
231 5539 268 5586 ex
282 5523 406 5595 babitu,
422 5537 487 5583 non
501 5519 607 5582 solum
622 5525 696 5581 actu
709 5514 904 5593 delinquen·
956 5509 1079 5593 possit,
1098 5508 1165 5574 nisi
1197 5509 1301 5588 ipsam
1316 5505 1470 5571 Ecclesiae
1485 5507 1659 5573 essentiam
1682 5509 1742 5573 do·

135 5621 221 5682 lmus.
238 5643 253 5681 s
269 5655 306 5672 -·
320 5623 401 5685 item
417 5637 456 5682 ex
469 5617 612 5684 formula
633 5616 707 5679 fidei
724 5631 781 5694 per
795 5611 904 5677 llarti·
955 5611 1125 5686 strnendo,
1142 5607 1403 5674 concludendum
1418 5613 1466 5671 est
1483 5606 1605 5673 nullam
1626 5627 1743 5693 supre-

137 5729 205 5780 nun
223 5721 424 5795 v,on.1tta
450 5717 601 5800 imposito
617 5713 772 5783 omnibus
786 5727 900 5794 suspe-
957 5711 1087 5780 roatiam
1105 5710 1316 5792 temporalem
1328 5715 1367 5795 ‚et
1385 5707 1514 5776 ciuilem
1531 5710 1650 5777 molins
1665 5726 1741 5776 esso

223 5819 483 5890 rotonenses.
503 5821 542 5885 ll.
1566 5810 1601 5881 il
