4042 6458
306 345 358 412 tul
833 344 948 410 tonis
966 345 1147 426 canonici
1164 347 1432 413 douunubiuat.
1586 389 1590 398 ·
1881 347 1938 415 508
2011 297 2012 306 ἵ

307 459 451 524 habitant
466 457 499 521 in
519 471 570 532 eo,
597 462 671 533 etc,
699 471 765 519 non
787 459 893 521 solum
914 457 1089 538 spirituaii,
1138 459 1422 524 iltolictaomntbus
1436 460 1734 545 injuriatuscrclur,
1749 463 1937 529 declarante

306 559 478 622 sedetiam
503 556 609 637 gladio
632 556 789 620 materiali
805 557 984 636 evaginato,
1002 556 1091 619 attri-
1143 561 1196 622 SS.
1219 561 1309 623 Patre
1330 561 1386 623 i‘io
1418 561 1472 638 ix,
1495 563 1528 626 in
1554 581 1612 627 sua
1635 565 1798 647 encyclica
1824 563 1937 630 Nullis

306 659 382 723 buta
406 659 459 733 sit,
477 660 562 739 iusta
584 657 739 720 suadente
763 667 880 734 caiisa,
899 657 1091 738 plenissima
1143 667 1225 720 certa
1240 658 1354 734 cubis,
1373 661 1411 722 tu
1426 663 1556 724 ianuar.
1570 664 1657 725 tileo.

307 758 490 834 auctoritas,
510 765 607 837 atqua
630 763 771 836 potestas
795 757 1008 820 transterendi
1028 757 1090 817 im·
1182 755 1222 816 ti.
1240 757 1483 836 consequenter
1495 759 1692 840 principatus
1706 761 1814 825 civilis
1829 768 1865 823 at
1878 762 1939 824 do·
2011 783 2012 836 j

308 857 434 936 perium
450 865 593 920 sanctum
610 858 800 931 Romanum,
817 857 1092 937 imperatoresque
1144 855 1243 917 minia
1254 865 1370 921 sanctas
1384 851 1472 921 sedis
1486 861 1570 924 siant
1592 862 1937 926 omniaecclesiastica
2011 855 2012 860 ’

307 959 504 1036 deponendi,
522 968 614 1037 prout
629 960 817 1022 confirment
833 957 1092 1020 omnessanioris
1144 948 1226 1012 bona
1243 954 1355 1034 etjura
1379 957 1520 1035 gaudent
1542 959 1745 1024 immunitate
1770 967 1802 1022 et
1827 960 1938 1022 inrio-
2011 979 2012 982 ¹

306 1055 978 1136 doctrinmdoctoresapudlierraris,verb.
991 1055 1092 1135 Papo.
1145 1045 1300 1112 libiiiitlt
1320 1051 1396 1132 jule
1412 1055 1523 1118 divino
1547 1050 1728 1122 cOnSliiutt·
1748 1059 1844 1133 0¹10d
1861 1073 1939 1138 1)Γο-

306 1155 1093 1237 art.2.n.29.iilncqucqneimperiovacanta
1144 1145 1239 1210 batur
1264 1167 1322 1229 per
1355 1171 1475 1217 sacram
1504 1159 1717 1236 scripturam,
1751 1161 1835 1222 Gen.
1865 1173 1936 1234 cap.
2011 1183 2012 1242 p

308 1271 386 1331 papa
399 1255 484 1316 uices
498 1255 701 1335 imperatoris
721 1257 857 1334 ipsemet
870 1255 963 1334 gerit,
978 1271 1032 1331 per
1045 1270 1092 1328 se,
1144 1263 1244 1322 xcvii,
1270 1269 1299 1312 u.
1313 1253 1353 1314 23
1371 1262 1402 1315 et
1417 1272 1498 1334 seq„
1516 1263 1547 1317 et
1568 1255 1702 1319 relatum
1717 1257 1752 1320 in
1769 1272 1841 1334 caii.
1863 1255 1937 1318 tl'on

307 1353 356 1413 vot
375 1371 429 1428 per
444 1355 614 1417 aliumant
630 1356 802 1416 aliosase
817 1355 992 1434 delegatos.
1007 1356 1039 1419 C.
1059 1353 1095 1416 st
1145 1348 1596 1423 mittilbtitdlcimmuuit.
1623 1353 1745 1416 Ecetra.
1770 1354 1939 1416 -nsdru

307 1452 467 1526 fratrum,
484 1453 573 1515 unic.
591 1455 640 1515 tit.
663 1473 694 1529 v,
717 1455 763 1518 Nc
786 1454 1016 1530 saduceorum,
1040 1469 1096 1516 ex·
1146 1446 1168 1510 ¹·
1190 1465 1212 1520 Ι,
1227 1467 1254 1511 0·
1272 1467 1327 1526 iil.
1348 1451 1388 1512 2¹*
1412 1460 1443 1514 ei
1458 1471 1526 1534 seq.
1552 1487 1589 1500 ·-·
1606 1454 1718 1518 Mliih·
1735 1471 1816 1526 ΠΗ,
1843 1450 1887 1513 2¹*
1905 1459 1936 1512 0²

307 1560 424 1630 trauag.
440 1555 570 1616 loannis
583 1556 699 1638 xxti.)
1147 1563 1216 1627 seq.
1229 1569 1237 1622 ;
1252 1566 1324 1612 cum
1343 1553 1442 1614 sancti
1466 1553 1678 1635 Hieronymi,
1695 1553 1756 1626 ibi,
1782 1561 1815 1614 et
1834 1548 1935 1612 sancti

348 1653 452 1716 Caroli
469 1654 575 1734 lingui
593 1671 797 1718 successores
814 1656 849 1719 in
874 1656 1012 1736 imperio
1027 1659 1096 1718 iic-
1146 1648 1319 1726 Augustini
1335 1651 1392 1713 lib.
1409 1670 1420 1714 r
1436 1653 1553 1729 Quasi.
1569 1653 1735 1734 occupetis.
1748 1660 1869 1734 quaesi·
1885 1649 1936 1722 23,

308 1767 402 1816 mano
430 1769 543 1828 omnes
571 1755 642 1834 ejus
660 1757 851 1818 donationes
878 1767 994 1821 sanctae
1019 1757 1091 1818 sedi
1145 1746 1393 1811 Commentario.

309 1853 547 1916 confirmarunt.
572 1857 616 1917 ita
632 1856 813 1920 Lndoviaus
827 1857 913 1931 Pius,
928 1856 1013 1918 fitius
1031 1858 1092 1920 Ce-
1186 1846 1358 1927 COUidiiiii
1370 1849 1466 1912 etiam
1479 1867 1519 1912 0¹
1532 1849 1712 1914 innumeris
1740 1847 1936 1920 canonibus,

308 1952 368 2015 roii
385 1954 509 2034 Magni,
527 1955 610 2018 (illio
633 1956 807 2036 imperator
820 1974 906 2021 anno
920 1959 991 2032 962,
1019 1974 1097 2019 san.
1145 1950 1385 2028 exemptionem
1401 1950 1623 2026 ecclesiarum,
1644 1968 1753 2014 rerum
1777 1949 1937 2014 ecclcsia-

309 2059 379 2114 otus
403 2053 577 2132 imperator
599 2055 770 2128 namucus,
788 2072 874 2120 anno
901 2058 979 2120 1011,
1006 2057 1094 2120 seco.
1148 2049 1346 2112 sticarnmet
1364 2049 1488 2130 jurium
1505 2051 1655 2114 Ecclesia
1672 2069 1731 2114 sau
1748 2047 1938 2110 immunita·

309 2159 396 2212 runt.
1149 2153 1211 2210 lem
1241 2157 1272 2210 et
1298 2149 1577 2212 inviolabilitatem
1608 2167 1680 2213 esse
1707 2147 1937 2230 jurisdiaini,

348 2252 560 2313 Ancoautem
579 2251 656 2313 1οῊ
671 2249 837 2314 Mathiidis
854 2251 1019 2314 comitissa
1035 2251 1096 2313 Ec·
1148 2250 1381 2313 astruentibus.
1416 2249 1512 2312 Elin
1540 2250 1655 2329 primis
1672 2267 1710 2311 ax
1740 2263 1862 2310 canon.
1889 2245 1937 2314 39,

286 2345 415 2412 'ctesias
436 2351 587 2412 Romanae
610 2349 742 2424 donauit
768 2367 879 2412 omncs
896 2367 974 2412 suus
996 2357 1097 2412 status
1147 2347 1227 2412 alias
1241 2350 1281 2412 37
1302 2353 1531 2429 apostolorum,
1555 2359 1585 2412 et
1611 2365 1680 2428 cap.
1696 2349 1852 2427 Quisquis
1869 2345 1937 2424 epi-

309 2447 366 2529 qui
379 2448 538 2508 Etruriam
559 2453 591 2508 et
606 2463 751 2526 magnam
764 2448 962 2512 Lombardics
976 2454 1096 2527 partem
1148 2467 1263 2529 scopus
1289 2451 1336 2525 tu,
1356 2466 1452 2515 causa
1481 2451 1536 2522 tu,
1555 2455 1668 2527 quest.
1695 2447 1730 2518 2;
1755 2454 1787 2510 el
1816 2442 1938 2507 concil.

309 2546 527 2622 continebant,
543 2545 606 2609 sibi
619 2556 724 2612 tamen
741 2563 836 2610 usum
855 2547 1012 2622 trucium,
1034 2547 1097 2610 uita
1149 2549 1294 2614 Trident.
1311 2568 1392 2615 sess.
1410 2554 1459 2628 25,
1476 2571 1543 2632 cap.
1556 2555 1587 2628 s,
1602 2553 1782 2633 Ecrasorcs.
1799 2563 1882 2610 cum
1897 2545 1939 2606 si·

310 2647 458 2721 dumille,
483 2649 689 2711 reservando.
707 2647 773 2710 Sub
798 2647 862 2709 lirae
886 2655 993 2710 aulem
1020 2647 1097 2711 anni
1149 2649 1295 2725 milibus,
1311 2651 1369 2714 ubi
1384 2669 1436 2715 res
1460 2652 1707 2720 aecclesiasticus,
1734 2653 1848 2725 utpote
1875 2645 1937 2704 ileo

312 2749 390 2810 tltlu
405 2747 485 2810 hanc
498 2749 704 2810 donationem
719 2747 898 2812 renovavit.
1149 2750 1270 2824 dicate,
1288 2751 1441 2815 dicuntur
1456 2769 1529 2816 esse
1543 2752 1615 2824 Dei,
1631 2750 1700 2813 iliis
1714 2746 1820 2812 uerbis
1840 2767 1851 2807 ε
1866 2742 1939 2819 Qua

350 2847 408 2910 Xi.
425 2849 485 2909 Per
501 2846 582 2910 hanc
595 2847 737 2922 brevem,
762 2846 974 2910 sufficientem
992 2856 1098 2911 tamon
1149 2851 1209 2914 Dei
1233 2860 1319 2926 scut,
1354 2852 1502 2932 adeoque
1524 2851 1677 2929 hoo-ipso
1692 2855 1766 2912 sunt
1785 2850 1938 2920 exempta

311 2946 548 3026 expositionem
562 2944 720 3009 factorum
744 2955 775 3008 et
790 2954 956 3028 gestorum
981 2946 1098 3026 proba·
1149 2951 1398 3031 ajurisdictione
1421 2967 1508 3014 mera
1534 2949 1646 3026 laicali,
1662 2946 1839 3025 etquidem
1865 2943 1938 3022 jnre

312 3051 365 3107 tur
397 3044 584 3124 legitimitas
608 3045 811 3126 principatus
837 3054 869 3110 et
894 3045 1099 3126 suprematiae
1150 3049 1264 3112 divino
1284 3059 1434 3128 tanquam
1450 3065 1500 3112 res
1517 3049 1589 3112 Dei.
1604 3047 1735 3112 Accedit
1752 3050 1868 3107 textus
1883 3057 1939 3102 ex-

312 3142 420 3210 cirilis
434 3147 787 3226 ettemporalissanctoe
801 3147 1095 3230 sedisapostolicae.
1150 3168 1282 3231 pressus
1299 3150 1333 3213 in
1348 3167 1418 3229 cap.
1435 3151 1618 3229 Quanquam
1633 3149 1663 3222 l,
1681 3148 1724 3208 Da
1742 3143 1893 3207 censibus
1906 3141 1937 3202 in

313 3247 429 3311 Nullus
442 3247 602 3312 humanus
616 3249 814 3330 principatus
824 3251 857 3313 in
870 3251 984 3332 squali
996 3249 1099 3331 gradu
1149 3253 1180 3324 6,
1196 3249 1242 3312 ibi
1259 3271 1268 3313 r
1286 3250 1363 3314 Cum
1374 3251 1475 3330 ipitur
1486 3249 1646 3324 Ecclesia,
1662 3242 1937 3320 ecclesiasticosque

314 3348 474 3412 coadunat
498 3365 610 3412 omnes
630 3349 716 3429 juris
739 3351 893 3414 naturalis
917 3358 948 3414 et
973 3357 1099 3414 eterne
1147 3367 1303 3432 persone,
1317 3369 1415 3412 ocrea
1428 3353 1584 3430 ipsorum,
1598 3365 1662 3410 nou
1675 3344 1862 3424 solumJurc
1882 3341 1938 3404 ltu·

311 3448 449 3530 iustitio
488 3449 706 3513 conditiones.
746 3441 842 3514 iiuno
880 3451 1098 3531 principatum
1149 3443 1936 3531 nascuncuntur),quiucrdtutno,sucutartuu

314 3557 461 3613 crearunt
488 3556 520 3616 et
544 3557 705 3614 auxerunt
726 3549 937 3614 necessitates
965 3559 996 3614 at
1027 3557 1100 3616 vota
1148 3566 1358 3630 putauerunt
1375 3549 1593 3614 exactionibus
1619 3550 1685 3610 siut
1710 3547 1876 3608 immunes.
1903 3543 1936 3602 iit

315 3648 520 3728 populorum,
536 3657 568 3712 el
584 3649 772 3713 eorumdem
792 3649 880 3713 salus
894 3668 951 3730 pec
969 3649 1101 3713 devovi·
1151 3667 1220 3732 cap.
1231 3651 1454 3723 Nonariuual,
1466 3651 1510 3712 tu
1521 3649 1676 3713 immersit.
1692 3641 1936 3708 eccles-unde

313 3757 458 3814 mentum
483 3758 514 3814 el
539 3753 700 3816 benetune
728 3751 934 3830 pontitlcumr
954 3752 1105 3832 ejusdem.
1152 3757 1183 3815 at
1198 3752 1372 3816 concilium
1395 3752 1540 3828 Trident.
1556 3765 1638 3812 sese.
1666 3749 1719 3819 25,
1736 3762 1765 3809 c.
1780 3744 1937 3806 illitera-

313 3845 544 3924 proprietatem
573 3856 603 3910 el
619 3848 801 3912 dominium
826 3850 1046 3912 luadaverunt
1064 3850 1101 3912 n·
1151 3854 1267 3931 sorau,
1288 3867 1441 3930 expresse
1468 3856 1668 3914 contestatur
1689 3869 1698 3910 c
1722 3844 1875 3908 Ecclesiae
1909 3849 1935 3902 at

314 3943 437 4007 delium
454 3945 723 4025 diversorumque
737 3949 928 4030 principum
951 3949 1100 4012 donatio·
1150 3969 1359 4031 personarum
1383 3951 1665 4016 ecclesiasticorum
1689 3948 1934 4017 immunitatem,

314 4059 385 4107 nes.
413 4047 569 4110 Eumdem
594 4047 760 4111 firmarunt
789 4056 1099 4131 propugnaruntuua
1152 4053 1210 4114 ilai
1233 4050 1449 4126 ordinatione,
1480 4060 1509 4114 ct
1534 4048 1695 4112 cononicis
1722 4043 1935 4109 sanctionibus

314 4145 510 4208 Francorum
545 4165 655 4228 regem
676 4157 888 4230 sanctumque
919 4153 1099 4213 Romanum
1152 4144 1934 4228 coustitutum.Acceditetiamjusciuiieomniun

314 4241 489 4322 imperium
501 4245 540 4308 ab
554 4247 696 4311 Ecclesia
712 4255 853 4311 creatum
867 4246 930 4311 tnit
942 4257 977 4312 ut
989 4247 1100 4312 delec-
1152 4252 1298 4331 gentium
1314 4249 1552 4313 catholicarum.

315 4341 452 4404 deretet
479 4353 658 4425 protegeret
678 4361 745 4407 eam
776 4355 843 4408 tum
867 4347 1101 4428 intemporali·
1191 4351 1247 4414 iit.
1284 4351 1521 4430 Proptereaqua
1550 4347 1723 4412 violatores
1748 4337 1933 4424 hujusmodi

315 4437 388 4516 uus,
402 4455 475 4504 cum
493 4440 528 4503 in
543 4442 766 4520 spiritualium
782 4443 940 4508 libertate.
1153 4450 1367 4516 immunitatis
1385 4489 1394 4525 ,
1431 4450 1598 4513 invasores
1624 4445 1749 4527 jurium
1776 4443 1933 4508 Ecclesiu.

581 4585 734 4628 „porosum
750 4587 830 4630 Μ,
1152 4560 1356 4630 occupantes,
1373 4558 1566 4629 usurpantes
1585 4549 1679 4621 bona,
1695 4545 1844 4608 dominia
1858 4552 1933 4605 tem·

351 4675 527 4748 Principatus
549 4677 707 4748 temporalis
739 4685 841 4734 sanctae
858 4679 952 4749 sedis,
968 4681 1101 4754 ejusdem-
1153 4652 1276 4732 With&
1289 4663 1321 4714 ⁰¹
1333 4652 1407 4731 J'sst'a
1420 4650 1570 4714 Effliesiffi
1581 4656 1612 4713 ⁰¹
1626 4656 1746 4759 3800ῑῆ
1757 4646 1845 4709 δθᾱῑ*
1860 4659 1932 4722 ilii·

316 4779 471 4838 anastatus
490 4769 662 4848 ebdominta
684 4769 889 4828 inviolabilitatc
903 4773 1022 4846 gaudent
1039 4775 1102 4847 lure
1153 4751 1275 4817 miii&
1299 4751 1451 4845 m⁰i⁰i²m
1477 4747 1843 4812 ⁰¹⁰⁰mm¹¹ni⁰⁸i¹⁰¹¹⁶m
1868 4759 1934 4804 ⁵⁸⁰*

318 4861 423 4916 divisio.
439 4861 558 4932 ideoque
577 4871 808 4919 tenenturomnas
822 4864 959 4936 principes
973 4867 1102 4924 catholici
1153 4859 1211 4917 ate
1225 4853 1295 4917 sedi
1317 4859 1510 4916 reservatum
1527 4851 1598 4930 ipso
1613 4849 1696 4912 tacto
1710 4847 1881 4912 incutiunt
1904 4847 1932 4904 et

317 4959 467 5024 gentesque
483 4953 622 5024 catholicae
630 4953 811 5024 principatum
820 4956 927 5013 civilem
939 4967 967 5014 et
977 4959 1101 5016 dominia
1152 4955 1350 5018 anathemato
1364 4952 1543 5024 fericulum
1562 4967 1603 5014 cx
1629 4947 1782 5029 plurimis
1796 4943 1930 5008 textibus

318 5053 421 5100 ΝΜ
442 5045 526 5101 Μὴ
542 5054 695 5117 protegere,
711 5046 857 5104 deterruere
877 5065 910 5106 ³0
927 5067 1102 5122 tributim
1150 5054 1235 5136 juris
1256 5051 1417 5127 canonici,
1439 5058 1471 5116 et
1491 5048 1668 5131 presertim
1682 5063 1774 5110 rona.
1793 5045 1929 5107 Tridenl.

318 5145 414 5194 contra
435 5151 614 5209 quoscunque
636 5138 786 5206 invasores,
802 5149 965 5213 usurpantes
978 5151 1007 5202 ct
1018 5157 1104 5202 occit-
1153 5171 1237 5219 5053,
1255 5155 1307 5231 ῃ,
1335 5169 1406 5232 ‘'di’-
1434 5153 1490 5227 113
1527 5159 1559 5214 οι
1574 5147 1663 5215 bulla
1693 5142 1872 5210 pastoralia
1899 5142 1930 5203 in

318 5237 424 5300 peritos.
1154 5257 1270 5322 Conna.

359 5359 384 5419 i.
400 5357 514 5419 Omnia
530 5358 612 5421 bona
633 5363 662 5420 et
674 5358 748 5439 jura
766 5357 919 5422 Ecclesia
938 5367 969 5422 at
985 5367 1104 5425 sanctu
1194 5360 1278 5436 Ergo
1306 5355 1505 5436 principatus
1525 5351 1632 5416 ciuilis
1650 5355 1768 5414 sanctae
1790 5346 1876 5411 sedis
1887 5348 1929 5407 est

319 5457 606 5537 sedisapostolicae
627 5461 665 5523 ad
682 5459 846 5524 Christum
869 5467 901 5523 et
926 5460 1102 5524 Ecclesiam
1150 5456 1226 5538 iure
1242 5454 1353 5519 divino
1368 5453 1583 5528 inviolabilisa
1601 5452 1753 5530 huncque
1773 5445 1927 5528 principa·

318 5558 487 5622 indivisim
516 5562 737 5640 pertinent,ut
767 5562 1021 5626 demonstratum
1041 5567 1100 5626 eal.
1154 5567 1235 5634 tum,
1250 5555 1385 5637 ejusque
1396 5555 1468 5636 lura
1483 5553 1588 5619 omnia
1602 5569 1638 5617 ac
1654 5549 1799 5616 dominia
1814 5553 1844 5612 el
1855 5547 1927 5608 bona

322 5659 522 5740 proindeque
539 5661 580 5723 od
597 5679 701 5724 omues
730 5661 905 5728 catholicos
923 5665 1101 5745 pertinent,
1152 5661 1226 5744 jure
1260 5659 1374 5723 diuino
1405 5657 1549 5738 possidet
1584 5653 1730 5720 Ecclesia
1770 5647 1923 5716 catholica.

321 5775 380 5822 nea
395 5761 549 5842 *cccrrpari
564 5764 612 5828 rai
632 5765 778 5842 usurpari
795 5771 928 5844 possunt
950 5766 1025 5846 quia
1048 5758 1110 5828 cu-'
1158 5764 1288 5842 ilesunc
1304 5759 1530 5827 conclusiones
1547 5759 1648 5823 sumat
1671 5755 1748 5820 Pius
1764 5755 1821 5818 Pi’.
1836 5752 1877 5816 lli
1895 5745 1924 5810 ib
