<?xml version="1.0" encoding="UTF-8"?>
<!DOCTYPE html PUBLIC "-//W3C//DTD XHTML 1.0 Transitional//EN"
    "http://www.w3.org/TR/xhtml1/DTD/xhtml1-transitional.dtd">
<html xmlns="http://www.w3.org/1999/xhtml" xml:lang="en" lang="en">
 <head>
  <title>
</title>
<meta http-equiv="Content-Type" content="text/html;charset=utf-8" />
  <meta name='ocr-system' content='tesseract 3.04.00' />
  <meta name='ocr-capabilities' content='ocr_page ocr_carea ocr_par ocr_line ocrx_word'/>
</head>
<body>
  <div class='ocr_page' id='page_1' title='image "./juriscanoniciun01maupgoog/juriscanoniciun01maupgoog_0105.png"; bbox 0 0 4046 6460; ppageno 0'>
   <div class='ocr_carea' id='block_1_1' title="bbox 285 361 1923 478">
    <p class='ocr_par' dir='ltr' id='par_1_1' title="bbox 285 361 1923 478">
     <span class='ocr_line' id='line_1_1' title="bbox 285 361 1923 478; baseline -0.01 0"><span class='ocrx_word' id='word_1_1' title='bbox 285 410 340 478; x_wconf 81' lang='lat' dir='ltr'>tos</span> <span class='ocrx_word' id='word_1_2' title='bbox 732 409 735 416; x_wconf 92' lang='lat'>·</span> <span class='ocrx_word' id='word_1_3' title='bbox 798 396 911 470; x_wconf 82' lang='lat' dir='ltr'>tuens</span> <span class='ocrx_word' id='word_1_4' title='bbox 928 388 1106 466; x_wconf 77' lang='lat' dir='ltr'>renouat</span> <span class='ocrx_word' id='word_1_5' title='bbox 1124 380 1390 464; x_wconf 64' lang='lat' dir='ltr'>omnnium.</span> <span class='ocrx_word' id='word_1_6' title='bbox 1694 361 1700 368; x_wconf 76' lang='grc'><strong>’</strong></span> <span class='ocrx_word' id='word_1_7' title='bbox 1874 393 1923 462; x_wconf 83' lang='lat' dir='ltr'>teo</span> 
     </span>
    </p>
   </div>
   <div class='ocr_carea' id='block_1_2' title="bbox 185 507 2008 5738">
    <p class='ocr_par' dir='ltr' id='par_1_2' title="bbox 283 507 2002 999">
     <span class='ocr_line' id='line_1_2' title="bbox 323 507 1923 599; baseline -0.009 -10"><span class='ocrx_word' id='word_1_8' title='bbox 323 527 380 590; x_wconf 92' lang='lat' dir='ltr'>lll.</span> <span class='ocrx_word' id='word_1_9' title='bbox 405 525 654 588; x_wconf 79' lang='lat' dir='ltr'>conservatores</span> <span class='ocrx_word' id='word_1_10' title='bbox 682 516 846 599; x_wconf 79' lang='lat' dir='ltr'>regulares</span> <span class='ocrx_word' id='word_1_11' title='bbox 877 529 947 580; x_wconf 81' lang='lat' dir='ltr'>suar</span> <span class='ocrx_word' id='word_1_12' title='bbox 989 527 1076 578; x_wconf 82' lang='lat' dir='ltr'>aare</span> <span class='ocrx_word' id='word_1_13' title='bbox 1127 511 1223 575; x_wconf 89' lang='lat' dir='ltr'>etiam</span> <span class='ocrx_word' id='word_1_14' title='bbox 1238 512 1424 592; x_wconf 75' lang='lat' dir='ltr'>episcoposr</span> <span class='ocrx_word' id='word_1_15' title='bbox 1441 515 1473 574; x_wconf 91' lang='lat' dir='ltr'>et</span> <span class='ocrx_word' id='word_1_16' title='bbox 1493 527 1533 572; x_wconf 84' lang='lat' dir='ltr'>ex</span> <span class='ocrx_word' id='word_1_17' title='bbox 1552 507 1749 575; x_wconf 83' lang='lat' dir='ltr'>clementina</span> <span class='ocrx_word' id='word_1_18' title='bbox 1763 508 1868 574; x_wconf 86' lang='lat' dir='ltr'>unica</span> <span class='ocrx_word' id='word_1_19' title='bbox 1885 511 1923 574; x_wconf 87' lang='lat' dir='ltr'>de</span> 
     </span>
     <span class='ocr_line' id='line_1_3' title="bbox 283 609 2001 699; baseline -0.01 -8"><span class='ocrx_word' id='word_1_20' title='bbox 283 627 474 691; x_wconf 89' lang='lat' dir='ltr'>commissos</span> <span class='ocrx_word' id='word_1_21' title='bbox 510 620 683 686; x_wconf 79' lang='lat' dir='ltr'>defendere</span> <span class='ocrx_word' id='word_1_22' title='bbox 726 623 861 699; x_wconf 76' lang='lat' dir='ltr'><strong>possunt</strong></span> <span class='ocrx_word' id='word_1_23' title='bbox 888 615 1008 679; x_wconf 90' lang='lat' dir='ltr'>nedum</span> <span class='ocrx_word' id='word_1_24' title='bbox 1035 613 1077 677; x_wconf 91' lang='lat' dir='ltr'>ab</span> <span class='ocrx_word' id='word_1_25' title='bbox 1126 613 1317 679; x_wconf 85' lang='lat' dir='ltr'>excessibus</span> <span class='ocrx_word' id='word_1_26' title='bbox 1329 611 1611 694; x_wconf 73' lang='lat' dir='ltr'>prelatorumubi</span> <span class='ocrx_word' id='word_1_27' title='bbox 1624 612 1709 676; x_wconf 88' lang='lat' dir='ltr'>inter</span> <span class='ocrx_word' id='word_1_28' title='bbox 1720 609 1925 676; x_wconf 83' lang='lat' dir='ltr'>alloserces-</span> <span class='ocrx_word' id='word_1_29' title='bbox 2000 626 2001 666; x_wconf 65' lang='lat' dir='ltr'>t</span> 
     </span>
     <span class='ocr_line' id='line_1_4' title="bbox 283 713 1925 807; baseline -0.009 -17"><span class='ocrx_word' id='word_1_30' title='bbox 283 723 430 807; x_wconf 85' lang='lat' dir='ltr'>injuriis,</span> <span class='ocrx_word' id='word_1_31' title='bbox 456 731 489 786; x_wconf 92' lang='lat' dir='ltr'>et</span> <span class='ocrx_word' id='word_1_32' title='bbox 510 719 673 784; x_wconf 86' lang='lat' dir='ltr'>violentiis</span> <span class='ocrx_word' id='word_1_33' title='bbox 702 717 812 792; x_wconf 89' lang='lat' dir='ltr'>illatis,</span> <span class='ocrx_word' id='word_1_34' title='bbox 842 716 900 780; x_wconf 85' lang='lat' dir='ltr'>sed</span> <span class='ocrx_word' id='word_1_35' title='bbox 929 716 1027 780; x_wconf 85' lang='lat' dir='ltr'>etiarn</span> <span class='ocrx_word' id='word_1_36' title='bbox 1059 729 1077 778; x_wconf 90' lang='lat' dir='ltr'>a</span> <span class='ocrx_word' id='word_1_37' title='bbox 1126 731 1196 792; x_wconf 89' lang='lat' dir='ltr'>sus,</span> <span class='ocrx_word' id='word_1_38' title='bbox 1217 715 1312 778; x_wconf 84' lang='lat' dir='ltr'>etiam</span> <span class='ocrx_word' id='word_1_39' title='bbox 1335 714 1398 778; x_wconf 85' lang='lat' dir='ltr'>isle</span> <span class='ocrx_word' id='word_1_40' title='bbox 1413 719 1632 787; x_wconf 80' lang='lat' dir='ltr'>annumeratur,</span> <span class='ocrx_word' id='word_1_41' title='bbox 1650 713 1696 775; x_wconf 93' lang='lat' dir='ltr'>ibi</span> <span class='ocrx_word' id='word_1_42' title='bbox 1717 735 1725 776; x_wconf 82' lang='lat' dir='ltr'>s</span> <span class='ocrx_word' id='word_1_43' title='bbox 1749 713 1925 776; x_wconf 79' lang='lat' dir='ltr'>Pracessus</span> 
     </span>
     <span class='ocr_line' id='line_1_5' title="bbox 284 809 1926 906; baseline -0.009 -15"><span class='ocrx_word' id='word_1_44' title='bbox 284 822 495 906; x_wconf 72' lang='lat' dir='ltr'>probabiliter</span> <span class='ocrx_word' id='word_1_45' title='bbox 507 819 737 884; x_wconf 70' lang='lat' dir='ltr'>inferendis...</span> <span class='ocrx_word' id='word_1_46' title='bbox 751 819 820 880; x_wconf 84' lang='lat' dir='ltr'>luto</span> <span class='ocrx_word' id='word_1_47' title='bbox 836 822 974 897; x_wconf 85' lang='lat' dir='ltr'>possunt</span> <span class='ocrx_word' id='word_1_48' title='bbox 987 813 1077 894; x_wconf 88' lang='lat' dir='ltr'>ipsos</span> <span class='ocrx_word' id='word_1_49' title='bbox 1121 813 1210 896; x_wconf 67' lang='lat' dir='ltr'>juste</span> <span class='ocrx_word' id='word_1_50' title='bbox 1223 815 1338 896; x_wconf 73' lang='lat' dir='ltr'>[utos.</span> <span class='ocrx_word' id='word_1_51' title='bbox 1353 832 1407 875; x_wconf 87' lang='lat' dir='ltr'>seu</span> <span class='ocrx_word' id='word_1_52' title='bbox 1423 815 1595 875; x_wconf 81' lang='lat' dir='ltr'>sententias</span> <span class='ocrx_word' id='word_1_53' title='bbox 1603 813 1691 894; x_wconf 82' lang='lat' dir='ltr'>jreste</span> <span class='ocrx_word' id='word_1_54' title='bbox 1706 809 1785 874; x_wconf 83' lang='lat' dir='ltr'>laras</span> <span class='ocrx_word' id='word_1_55' title='bbox 1806 833 1828 873; x_wconf 89' lang='lat' dir='ltr'>a</span> <span class='ocrx_word' id='word_1_56' title='bbox 1844 811 1926 876; x_wconf 84' lang='lat' dir='ltr'>dele-</span> 
     </span>
     <span class='ocr_line' id='line_1_6' title="bbox 284 913 2002 999; baseline -0.006 -10"><span class='ocrx_word' id='word_1_57' title='bbox 284 925 492 990; x_wconf 86' lang='lat' dir='ltr'>delenderea</span> <span class='ocrx_word' id='word_1_58' title='bbox 508 918 690 995; x_wconf 85' lang='lat' dir='ltr'>violentiis,</span> <span class='ocrx_word' id='word_1_59' title='bbox 712 935 770 982; x_wconf 85' lang='lat' dir='ltr'>eeu</span> <span class='ocrx_word' id='word_1_60' title='bbox 788 916 923 999; x_wconf 87' lang='lat' dir='ltr'>injuriis</span> <span class='ocrx_word' id='word_1_61' title='bbox 940 915 1080 980; x_wconf 87' lang='lat' dir='ltr'>inleren·</span> <span class='ocrx_word' id='word_1_62' title='bbox 1127 915 1212 996; x_wconf 82' lang='lat' dir='ltr'>palie</span> <span class='ocrx_word' id='word_1_63' title='bbox 1232 913 1317 978; x_wconf 82' lang='lat' dir='ltr'>sedis</span> <span class='ocrx_word' id='word_1_64' title='bbox 1337 915 1531 996; x_wconf 83' lang='lat' dir='ltr'>apostolice,</span> <span class='ocrx_word' id='word_1_65' title='bbox 1546 913 1596 976; x_wconf 81' lang='lat' dir='ltr'>uel</span> <span class='ocrx_word' id='word_1_66' title='bbox 1609 932 1629 975; x_wconf 87' lang='lat' dir='ltr'>a</span> <span class='ocrx_word' id='word_1_67' title='bbox 1643 913 1926 976; x_wconf 78' lang='lat' dir='ltr'>conservatoribus</span> <span class='ocrx_word' id='word_1_68' title='bbox 2001 947 2002 978; x_wconf 93' lang='lat' dir='ltr'>l</span> 
     </span>
    </p>

    <p class='ocr_par' dir='ltr' id='par_1_3' title="bbox 250 1012 2004 2106">
     <span class='ocr_line' id='line_1_7' title="bbox 250 1012 1928 1098; baseline -0.01 -8"><span class='ocrx_word' id='word_1_69' title='bbox 250 1021 258 1042; x_wconf 87' lang='lat'>&#39;</span> <span class='ocrx_word' id='word_1_70' title='bbox 285 1025 337 1090; x_wconf 86' lang='lat' dir='ltr'>dis</span> <span class='ocrx_word' id='word_1_71' title='bbox 352 1039 417 1088; x_wconf 84' lang='lat' dir='ltr'>nott</span> <span class='ocrx_word' id='word_1_72' title='bbox 432 1019 541 1086; x_wconf 83' lang='lat' dir='ltr'>solum</span> <span class='ocrx_word' id='word_1_73' title='bbox 565 1019 770 1094; x_wconf 85' lang='lat' dir='ltr'>allismodle‚</span> <span class='ocrx_word' id='word_1_74' title='bbox 792 1019 850 1082; x_wconf 86' lang='lat' dir='ltr'>sed</span> <span class='ocrx_word' id='word_1_75' title='bbox 877 1013 975 1082; x_wconf 86' lang='lat' dir='ltr'>eliam</span> <span class='ocrx_word' id='word_1_76' title='bbox 998 1033 1078 1098; x_wconf 71' lang='lat' dir='ltr'>prro·</span> <span class='ocrx_word' id='word_1_77' title='bbox 1126 1030 1187 1093; x_wconf 86' lang='lat' dir='ltr'>pro</span> <span class='ocrx_word' id='word_1_78' title='bbox 1205 1017 1357 1096; x_wconf 74' lang='lat' dir='ltr'>coemptis</span> <span class='ocrx_word' id='word_1_79' title='bbox 1370 1012 1545 1094; x_wconf 77' lang='lat' dir='ltr'>publicari,</span> <span class='ocrx_word' id='word_1_80' title='bbox 1559 1013 1821 1079; x_wconf 77' lang='lat' dir='ltr'>seueeseeult‘oret&#39;</span> <span class='ocrx_word' id='word_1_81' title='bbox 1837 1031 1928 1074; x_wconf 81' lang='lat' dir='ltr'>neun-</span> 
     </span>
     <span class='ocr_line' id='line_1_8' title="bbox 285 1115 1925 1205; baseline -0.008 -15"><span class='ocrx_word' id='word_1_82' title='bbox 285 1119 979 1205; x_wconf 83' lang='lat' dir='ltr'>ierendogeneralemexcommunicationis</span> <span class='ocrx_word' id='word_1_83' title='bbox 999 1135 1078 1184; x_wconf 80' lang='lat' dir='ltr'>san·</span> <span class='ocrx_word' id='word_1_84' title='bbox 1129 1115 1212 1190; x_wconf 69' lang='lat' dir='ltr'>dari,</span> <span class='ocrx_word' id='word_1_85' title='bbox 1231 1136 1251 1177; x_wconf 91' lang='lat' dir='ltr'>a</span> <span class='ocrx_word' id='word_1_86' title='bbox 1275 1117 1342 1180; x_wconf 85' lang='lat' dir='ltr'>eur&#39;s</span> <span class='ocrx_word' id='word_1_87' title='bbox 1372 1115 1509 1179; x_wconf 83' lang='lat' dir='ltr'>subditis</span> <span class='ocrx_word' id='word_1_88' title='bbox 1535 1133 1600 1178; x_wconf 84' lang='lat' dir='ltr'>nou</span> <span class='ocrx_word' id='word_1_89' title='bbox 1626 1117 1833 1196; x_wconf 84' lang='lat' dir='ltr'>permittant.</span> <span class='ocrx_word' id='word_1_90' title='bbox 1869 1117 1925 1179; x_wconf 86' lang='lat' dir='ltr'>ilbi</span> 
     </span>
     <span class='ocr_line' id='line_1_9' title="bbox 284 1217 2003 1303; baseline -0.009 -11"><span class='ocrx_word' id='word_1_91' title='bbox 284 1225 417 1292; x_wconf 84' lang='lat' dir='ltr'>lentiam</span> <span class='ocrx_word' id='word_1_92' title='bbox 445 1227 564 1297; x_wconf 89' lang='lat' dir='ltr'>ineos,</span> <span class='ocrx_word' id='word_1_93' title='bbox 591 1221 887 1303; x_wconf 84' lang='lat' dir='ltr'>quiillasleeerint</span> <span class='ocrx_word' id='word_1_94' title='bbox 924 1221 1078 1283; x_wconf 85' lang='lat' dir='ltr'>releom·</span> <span class='ocrx_word' id='word_1_95' title='bbox 1128 1217 1242 1282; x_wconf 83' lang='lat' dir='ltr'>Glossa</span> <span class='ocrx_word' id='word_1_96' title='bbox 1264 1235 1419 1299; x_wconf 76' lang='lat' dir='ltr'>expresse</span> <span class='ocrx_word' id='word_1_97' title='bbox 1446 1217 1554 1280; x_wconf 86' lang='lat' dir='ltr'>dicit:</span> <span class='ocrx_word' id='word_1_98' title='bbox 1580 1233 1639 1297; x_wconf 88' lang='lat' dir='ltr'>per</span> <span class='ocrx_word' id='word_1_99' title='bbox 1668 1217 1726 1281; x_wconf 88' lang='lat' dir='ltr'>ltoe</span> <span class='ocrx_word' id='word_1_100' title='bbox 1748 1225 1929 1298; x_wconf 80' lang='lat' dir='ltr'>pereunte</span> <span class='ocrx_word' id='word_1_101' title='bbox 2002 1237 2003 1252; x_wconf 41' lang='grc' dir='ltr'><strong>ι</strong></span> 
     </span>
     <span class='ocr_line' id='line_1_10' title="bbox 285 1315 1929 1402; baseline -0.005 -14"><span class='ocrx_word' id='word_1_102' title='bbox 285 1324 459 1401; x_wconf 86' lang='lat' dir='ltr'>miserint,</span> <span class='ocrx_word' id='word_1_103' title='bbox 495 1322 635 1388; x_wconf 81' lang='lat' dir='ltr'>dicendo</span> <span class='ocrx_word' id='word_1_104' title='bbox 675 1341 706 1386; x_wconf 88' lang='lat' dir='ltr'>v.</span> <span class='ocrx_word' id='word_1_105' title='bbox 734 1339 789 1402; x_wconf 89' lang='lat' dir='ltr'>gr.</span> <span class='ocrx_word' id='word_1_106' title='bbox 829 1317 1078 1385; x_wconf 78' lang='lat' dir='ltr'>Eoeoomneuue&#39;co</span> <span class='ocrx_word' id='word_1_107' title='bbox 1130 1319 1282 1400; x_wconf 76' lang='lat' dir='ltr'>delegatis</span> <span class='ocrx_word' id='word_1_108' title='bbox 1316 1319 1366 1381; x_wconf 86' lang='lat' dir='ltr'>ael</span> <span class='ocrx_word' id='word_1_109' title='bbox 1398 1315 1673 1381; x_wconf 69' lang='lat' dir='ltr'>conservatoribus</span> <span class='ocrx_word' id='word_1_110' title='bbox 1698 1319 1830 1397; x_wconf 81' lang='lat' dir='ltr'>puniri,</span> <span class='ocrx_word' id='word_1_111' title='bbox 1861 1338 1929 1380; x_wconf 85' lang='lat' dir='ltr'>euru</span> 
     </span>
     <span class='ocr_line' id='line_1_11' title="bbox 285 1417 2004 1506; baseline -0.003 -20"><span class='ocrx_word' id='word_1_112' title='bbox 285 1443 391 1488; x_wconf 86' lang='lat' dir='ltr'>omnes</span> <span class='ocrx_word' id='word_1_113' title='bbox 421 1425 477 1506; x_wconf 84' lang='lat' dir='ltr'>qui</span> <span class='ocrx_word' id='word_1_114' title='bbox 490 1423 583 1486; x_wconf 84' lang='lat' dir='ltr'>saleru</span> <span class='ocrx_word' id='word_1_115' title='bbox 605 1432 801 1498; x_wconf 80' lang='lat' dir='ltr'>conuentum,</span> <span class='ocrx_word' id='word_1_116' title='bbox 815 1421 865 1484; x_wconf 86' lang='lat' dir='ltr'>ael</span> <span class='ocrx_word' id='word_1_117' title='bbox 888 1421 1013 1484; x_wconf 86' lang='lat' dir='ltr'>doenum</span> <span class='ocrx_word' id='word_1_118' title='bbox 1026 1439 1079 1482; x_wconf 87' lang='lat' dir='ltr'>re·</span> <span class='ocrx_word' id='word_1_119' title='bbox 1129 1418 1260 1486; x_wconf 85' lang='lat' dir='ltr'>illorum</span> <span class='ocrx_word' id='word_1_120' title='bbox 1272 1419 1535 1503; x_wconf 55' lang='lat' dir='ltr'>jurisdictionem</span> <span class='ocrx_word' id='word_1_121' title='bbox 1550 1417 1734 1499; x_wconf 80' lang='lat' dir='ltr'>impediant.</span> <span class='ocrx_word' id='word_1_122' title='bbox 1754 1417 1813 1500; x_wconf 82' lang='lat' dir='ltr'>(lle</span> <span class='ocrx_word' id='word_1_123' title='bbox 1843 1420 1926 1499; x_wconf 73' lang='lat' dir='ltr'>offis.</span> <span class='ocrx_word' id='word_1_124' title='bbox 2003 1476 2004 1480; x_wconf 75' lang='grc'>,</span> 
     </span>
     <span class='ocr_line' id='line_1_12' title="bbox 285 1518 1929 1604; baseline -0.004 -20"><span class='ocrx_word' id='word_1_125' title='bbox 285 1523 428 1604; x_wconf 78' lang='lat' dir='ltr'>gulareru</span> <span class='ocrx_word' id='word_1_126' title='bbox 447 1523 603 1584; x_wconf 84' lang='lat' dir='ltr'>uiolenter</span> <span class='ocrx_word' id='word_1_127' title='bbox 618 1539 687 1584; x_wconf 85' lang='lat' dir='ltr'>evm</span> <span class='ocrx_word' id='word_1_128' title='bbox 702 1521 798 1584; x_wconf 82' lang='lat' dir='ltr'>arenis</span> <span class='ocrx_word' id='word_1_129' title='bbox 814 1519 1016 1592; x_wconf 86' lang='lat' dir='ltr'>intrauerint,</span> <span class='ocrx_word' id='word_1_130' title='bbox 1031 1518 1081 1582; x_wconf 81' lang='lat' dir='ltr'>erl</span> <span class='ocrx_word' id='word_1_131' title='bbox 1129 1519 1263 1600; x_wconf 80' lang='lat' dir='ltr'>delapsa.</span> <span class='ocrx_word' id='word_1_132' title='bbox 1287 1536 1356 1600; x_wconf 88' lang='lat' dir='ltr'>cap.</span> <span class='ocrx_word' id='word_1_133' title='bbox 1380 1523 1426 1598; x_wconf 89' lang='lat' dir='ltr'>l.)</span> <span class='ocrx_word' id='word_1_134' title='bbox 1445 1520 1533 1582; x_wconf 86' lang='lat' dir='ltr'>Licet</span> <span class='ocrx_word' id='word_1_135' title='bbox 1547 1527 1654 1582; x_wconf 85' lang='lat' dir='ltr'>autem</span> <span class='ocrx_word' id='word_1_136' title='bbox 1681 1523 1929 1581; x_wconf 77' lang='lat' dir='ltr'><strong>conservatores</strong></span> 
     </span>
     <span class='ocr_line' id='line_1_13' title="bbox 285 1617 1923 1705; baseline -0.004 -19"><span class='ocrx_word' id='word_1_137' title='bbox 285 1621 415 1705; x_wconf 79' lang='lat' dir='ltr'>aliquod</span> <span class='ocrx_word' id='word_1_138' title='bbox 426 1622 567 1686; x_wconf 79' lang='lat' dir='ltr'>natabile</span> <span class='ocrx_word' id='word_1_139' title='bbox 590 1621 747 1696; x_wconf 71' lang='lat' dir='ltr'>munau,</span> <span class='ocrx_word' id='word_1_140' title='bbox 771 1631 801 1683; x_wconf 90' lang='lat' dir='ltr'>et</span> <span class='ocrx_word' id='word_1_141' title='bbox 816 1621 974 1684; x_wconf 84' lang='lat' dir='ltr'>notoriam</span> <span class='ocrx_word' id='word_1_142' title='bbox 997 1621 1082 1704; x_wconf 79' lang='lat' dir='ltr'>inju·</span> <span class='ocrx_word' id='word_1_143' title='bbox 1130 1620 1328 1702; x_wconf 72' lang='lat' dir='ltr'>regularium</span> <span class='ocrx_word' id='word_1_144' title='bbox 1346 1637 1386 1684; x_wconf 81' lang='lat' dir='ltr'>ex</span> <span class='ocrx_word' id='word_1_145' title='bbox 1413 1620 1561 1683; x_wconf 76' lang='lat' dir='ltr'>adductis</span> <span class='ocrx_word' id='word_1_146' title='bbox 1583 1617 1711 1700; x_wconf 89' lang='lat' dir='ltr'>juribus</span> <span class='ocrx_word' id='word_1_147' title='bbox 1736 1617 1923 1681; x_wconf 81' lang='lat' dir='ltr'>facultatem</span> 
     </span>
     <span class='ocr_line' id='line_1_14' title="bbox 286 1719 1928 1802; baseline -0.003 -17"><span class='ocrx_word' id='word_1_148' title='bbox 286 1725 380 1798; x_wconf 85' lang='lat' dir='ltr'>riam,</span> <span class='ocrx_word' id='word_1_149' title='bbox 395 1742 450 1786; x_wconf 86' lang='lat' dir='ltr'>seu</span> <span class='ocrx_word' id='word_1_150' title='bbox 463 1723 644 1786; x_wconf 85' lang='lat' dir='ltr'>uiolentiam</span> <span class='ocrx_word' id='word_1_151' title='bbox 663 1722 743 1802; x_wconf 79' lang='lat' dir='ltr'>ipris</span> <span class='ocrx_word' id='word_1_152' title='bbox 769 1719 972 1802; x_wconf 77' lang='lat' dir='ltr'>regularibus</span> <span class='ocrx_word' id='word_1_153' title='bbox 989 1721 1077 1795; x_wconf 85' lang='lat' dir='ltr'>loeis,</span> <span class='ocrx_word' id='word_1_154' title='bbox 1130 1721 1268 1786; x_wconf 88' lang='lat' dir='ltr'>babeant</span> <span class='ocrx_word' id='word_1_155' title='bbox 1297 1721 1494 1802; x_wconf 85' lang='lat' dir='ltr'>procedendi</span> <span class='ocrx_word' id='word_1_156' title='bbox 1511 1739 1568 1802; x_wconf 91' lang='lat' dir='ltr'>per</span> <span class='ocrx_word' id='word_1_157' title='bbox 1594 1737 1748 1784; x_wconf 87' lang='lat' dir='ltr'>censuras</span> <span class='ocrx_word' id='word_1_158' title='bbox 1766 1719 1928 1782; x_wconf 86' lang='lat' dir='ltr'>ecclesie-</span> 
     </span>
     <span class='ocr_line' id='line_1_15' title="bbox 288 1820 1929 1905; baseline -0.003 -20"><span class='ocrx_word' id='word_1_159' title='bbox 288 1825 472 1905; x_wconf 83' lang='lat' dir='ltr'>etpersone&#39;r</span> <span class='ocrx_word' id='word_1_160' title='bbox 486 1824 687 1888; x_wconf 72' lang='lat' dir='ltr'>attulerint.»</span> <span class='ocrx_word' id='word_1_161' title='bbox 703 1823 905 1898; x_wconf 82' lang='lat' dir='ltr'>(Communis</span> <span class='ocrx_word' id='word_1_162' title='bbox 921 1823 1081 1888; x_wconf 87' lang='lat' dir='ltr'>etGlossa</span> <span class='ocrx_word' id='word_1_163' title='bbox 1130 1822 1227 1886; x_wconf 81' lang='lat' dir='ltr'>stipes</span> <span class='ocrx_word' id='word_1_164' title='bbox 1246 1820 1343 1886; x_wconf 88' lang='lat' dir='ltr'>etiam</span> <span class='ocrx_word' id='word_1_165' title='bbox 1371 1828 1481 1886; x_wconf 85' lang='lat' dir='ltr'>contra</span> <span class='ocrx_word' id='word_1_166' title='bbox 1504 1821 1687 1902; x_wconf 86' lang='lat' dir='ltr'>episcopos,</span> <span class='ocrx_word' id='word_1_167' title='bbox 1717 1827 1748 1883; x_wconf 87' lang='lat' dir='ltr'>et</span> <span class='ocrx_word' id='word_1_168' title='bbox 1774 1820 1929 1884; x_wconf 92' lang='lat' dir='ltr'>nonnulli</span> 
     </span>
     <span class='ocr_line' id='line_1_16' title="bbox 288 1919 1930 2006; baseline -0.003 -19"><span class='ocrx_word' id='word_1_169' title='bbox 288 1926 324 1988; x_wconf 89' lang='lat' dir='ltr'>in</span> <span class='ocrx_word' id='word_1_170' title='bbox 347 1925 433 1989; x_wconf 75' lang='lat' dir='ltr'>aliato</span> <span class='ocrx_word' id='word_1_171' title='bbox 453 1942 522 2006; x_wconf 90' lang='lat' dir='ltr'>cap.</span> <span class='ocrx_word' id='word_1_172' title='bbox 545 1925 735 1988; x_wconf 85' lang='lat' dir='ltr'>Statuirnue.</span> <span class='ocrx_word' id='word_1_173' title='bbox 750 1959 789 1972; x_wconf 92' lang='lat'>—</span> <span class='ocrx_word' id='word_1_174' title='bbox 816 1926 961 1987; x_wconf 76' lang='lat' dir='ltr'>Funera.</span> <span class='ocrx_word' id='word_1_175' title='bbox 992 1925 1079 1989; x_wconf 86' lang='lat' dir='ltr'>verb.</span> <span class='ocrx_word' id='word_1_176' title='bbox 1130 1922 1296 2000; x_wconf 75' lang='lat' dir='ltr'>regulares</span> <span class='ocrx_word' id='word_1_177' title='bbox 1327 1921 1526 2000; x_wconf 78' lang='lat' dir='ltr'>specialibus</span> <span class='ocrx_word' id='word_1_178' title='bbox 1549 1937 1649 2001; x_wconf 86' lang='lat' dir='ltr'>super</span> <span class='ocrx_word' id='word_1_179' title='bbox 1664 1921 1725 1984; x_wconf 88' lang='lat' dir='ltr'>boc</span> <span class='ocrx_word' id='word_1_180' title='bbox 1739 1919 1830 1984; x_wconf 88' lang='lat' dir='ltr'>sedis</span> <span class='ocrx_word' id='word_1_181' title='bbox 1851 1935 1930 2000; x_wconf 86' lang='lat' dir='ltr'>apo·</span> 
     </span>
     <span class='ocr_line' id='line_1_17' title="bbox 288 2019 1928 2106; baseline -0.002 -18"><span class='ocrx_word' id='word_1_182' title='bbox 288 2025 665 2102; x_wconf 63' lang='lat' dir='ltr'>carnuntensem,</span> <span class='ocrx_word' id='word_1_183' title='bbox 683 2043 715 2090; x_wconf 90' lang='lat' dir='ltr'>n.</span> <span class='ocrx_word' id='word_1_184' title='bbox 733 2026 753 2088; x_wconf 81' lang='grc'><strong>3</strong></span> <span class='ocrx_word' id='word_1_185' title='bbox 768 2024 807 2089; x_wconf 92' lang='lat' dir='ltr'>ad</span> <span class='ocrx_word' id='word_1_186' title='bbox 824 2021 886 2106; x_wconf 83' lang='grc'><strong>13.)</strong></span> <span class='ocrx_word' id='word_1_187' title='bbox 1131 2021 1254 2086; x_wconf 78' lang='lat' dir='ltr'>stoliaco</span> <span class='ocrx_word' id='word_1_188' title='bbox 1281 2021 1462 2104; x_wconf 87' lang='lat' dir='ltr'>privilegiis</span> <span class='ocrx_word' id='word_1_189' title='bbox 1478 2023 1543 2085; x_wconf 87' lang='lat' dir='ltr'>sint</span> <span class='ocrx_word' id='word_1_190' title='bbox 1570 2019 1699 2100; x_wconf 87' lang='lat' dir='ltr'>muniti,</span> <span class='ocrx_word' id='word_1_191' title='bbox 1718 2030 1754 2085; x_wconf 89' lang='lat' dir='ltr'>ut</span> <span class='ocrx_word' id='word_1_192' title='bbox 1776 2021 1928 2103; x_wconf 78' lang='lat' dir='ltr'>religiosi</span> 
     </span>
    </p>

    <p class='ocr_par' dir='ltr' id='par_1_4' title="bbox 283 2107 2008 3117">
     <span class='ocr_line' id='line_1_18' title="bbox 327 2107 2006 2206; baseline 0.002 -18"><span class='ocrx_word' id='word_1_193' title='bbox 327 2125 383 2188; x_wconf 81' lang='lat' dir='ltr'>lv.</span> <span class='ocrx_word' id='word_1_194' title='bbox 409 2125 589 2190; x_wconf 76' lang='lat' dir='ltr'>«Notarius</span> <span class='ocrx_word' id='word_1_195' title='bbox 609 2124 736 2188; x_wconf 90' lang='lat' dir='ltr'>debitor</span> <span class='ocrx_word' id='word_1_196' title='bbox 749 2107 948 2206; x_wconf 88' lang='lat' dir='ltr'>regularium</span> <span class='ocrx_word' id='word_1_197' title='bbox 976 2141 1081 2190; x_wconf 87' lang='lat' dir='ltr'>eorem</span> <span class='ocrx_word' id='word_1_198' title='bbox 1131 2123 1435 2188; x_wconf 85' lang='lat' dir='ltr'>societatislesuex</span> <span class='ocrx_word' id='word_1_199' title='bbox 1452 2123 1928 2205; x_wconf 76' lang='lat' dir='ltr'>constit.Gregor.xlllincip·</span> <span class='ocrx_word' id='word_1_200' title='bbox 2005 2187 2006 2192; x_wconf 75' lang='grc'>,</span> 
     </span>
     <span class='ocr_line' id='line_1_19' title="bbox 288 2221 1930 2306; baseline -0.002 -17"><span class='ocrx_word' id='word_1_201' title='bbox 288 2241 401 2289; x_wconf 88' lang='lat' dir='ltr'>eorum</span> <span class='ocrx_word' id='word_1_202' title='bbox 441 2231 671 2288; x_wconf 88' lang='lat' dir='ltr'>conservatore</span> <span class='ocrx_word' id='word_1_203' title='bbox 703 2223 873 2288; x_wconf 82' lang='lat' dir='ltr'>conveniri</span> <span class='ocrx_word' id='word_1_204' title='bbox 912 2231 1082 2306; x_wconf 85' lang='lat' dir='ltr'>potest.-</span> <span class='ocrx_word' id='word_1_205' title='bbox 1130 2221 1267 2301; x_wconf 80' lang='lat' dir='ltr'>AEquunt</span> <span class='ocrx_word' id='word_1_206' title='bbox 1290 2221 1697 2302; x_wconf 64' lang='lat' dir='ltr'>reputantualblamen</span> <span class='ocrx_word' id='word_1_207' title='bbox 1728 2223 1930 2304; x_wconf 83' lang='lat' dir='ltr'>quieinbis</span> 
     </span>
     <span class='ocr_line' id='line_1_20' title="bbox 287 2321 1928 2406; baseline -0.002 -17"><span class='ocrx_word' id='word_1_208' title='bbox 287 2325 424 2400; x_wconf 89' lang='lat' dir='ltr'>Quando</span> <span class='ocrx_word' id='word_1_209' title='bbox 443 2322 609 2406; x_wconf 88' lang='lat' dir='ltr'>regulares</span> <span class='ocrx_word' id='word_1_210' title='bbox 624 2333 699 2390; x_wconf 87' lang='lat' dir='ltr'>sunl</span> <span class='ocrx_word' id='word_1_211' title='bbox 718 2325 883 2391; x_wconf 81' lang='lat' dir='ltr'>debitores</span> <span class='ocrx_word' id='word_1_212' title='bbox 911 2327 1014 2406; x_wconf 87' lang='lat' dir='ltr'>laicis,</span> <span class='ocrx_word' id='word_1_213' title='bbox 1032 2333 1080 2394; x_wconf 86' lang='lat' dir='ltr'>eet</span> <span class='ocrx_word' id='word_1_214' title='bbox 1132 2321 1366 2399; x_wconf 74' lang='lat' dir='ltr'>coactionibus,</span> <span class='ocrx_word' id='word_1_215' title='bbox 1387 2328 1420 2385; x_wconf 87' lang='lat' dir='ltr'>ul</span> <span class='ocrx_word' id='word_1_216' title='bbox 1447 2321 1549 2401; x_wconf 77' lang='lat' dir='ltr'>paenis</span> <span class='ocrx_word' id='word_1_217' title='bbox 1576 2323 1750 2403; x_wconf 82' lang='lat' dir='ltr'>panttncali</span> <span class='ocrx_word' id='word_1_218' title='bbox 1776 2323 1928 2405; x_wconf 80' lang='lat' dir='ltr'>dignitati</span> 
     </span>
     <span class='ocr_line' id='line_1_21' title="bbox 287 2419 1929 2506; baseline 0.005 -16"><span class='ocrx_word' id='word_1_219' title='bbox 287 2425 417 2490; x_wconf 82' lang='lat' dir='ltr'>eterteta</span> <span class='ocrx_word' id='word_1_220' title='bbox 438 2425 661 2502; x_wconf 67' lang='lat' dir='ltr'>amatoribus,</span> <span class='ocrx_word' id='word_1_221' title='bbox 677 2443 741 2490; x_wconf 87' lang='lat' dir='ltr'>non</span> <span class='ocrx_word' id='word_1_222' title='bbox 757 2435 891 2506; x_wconf 83' lang='lat' dir='ltr'>possunt</span> <span class='ocrx_word' id='word_1_223' title='bbox 911 2429 1081 2494; x_wconf 80' lang='lat' dir='ltr'>conveniri</span> <span class='ocrx_word' id='word_1_224' title='bbox 1134 2421 1309 2502; x_wconf 83' lang='lat' dir='ltr'>plurimum</span> <span class='ocrx_word' id='word_1_225' title='bbox 1322 2419 1534 2487; x_wconf 72' lang='lat' dir='ltr'>neser-eanum</span> <span class='ocrx_word' id='word_1_226' title='bbox 1551 2431 1598 2486; x_wconf 85' lang='lat' dir='ltr'>ast</span> <span class='ocrx_word' id='word_1_227' title='bbox 1613 2427 1651 2504; x_wconf 83' lang='lat' dir='ltr'>lo.</span> <span class='ocrx_word' id='word_1_228' title='bbox 1666 2425 1746 2488; x_wconf 74' lang='lat' dir='ltr'>Saue</span> <span class='ocrx_word' id='word_1_229' title='bbox 1757 2426 1807 2498; x_wconf 87' lang='lat' dir='ltr'>tl,</span> <span class='ocrx_word' id='word_1_230' title='bbox 1824 2443 1854 2488; x_wconf 84' lang='lat' dir='ltr'>c·</span> <span class='ocrx_word' id='word_1_231' title='bbox 1869 2425 1929 2486; x_wconf 84' lang='lat' dir='ltr'>ra-</span> 
     </span>
     <span class='ocr_line' id='line_1_22' title="bbox 288 2522 2007 2608; baseline -0.002 -19"><span class='ocrx_word' id='word_1_232' title='bbox 288 2543 395 2591; x_wconf 81' lang='lat' dir='ltr'>rorum</span> <span class='ocrx_word' id='word_1_233' title='bbox 430 2526 616 2602; x_wconf 88' lang='lat' dir='ltr'>ordinario,</span> <span class='ocrx_word' id='word_1_234' title='bbox 665 2528 722 2592; x_wconf 88' lang='lat' dir='ltr'>sed</span> <span class='ocrx_word' id='word_1_235' title='bbox 751 2527 969 2594; x_wconf 87' lang='lat' dir='ltr'>conveniendi</span> <span class='ocrx_word' id='word_1_236' title='bbox 1007 2537 1083 2596; x_wconf 88' lang='lat' dir='ltr'>sunt</span> <span class='ocrx_word' id='word_1_237' title='bbox 1132 2522 1332 2598; x_wconf 61' lang='lat' dir='ltr'>elvrolt&#39;tssl.</span> <span class='ocrx_word' id='word_1_238' title='bbox 1356 2526 1400 2586; x_wconf 77' lang='lat' dir='ltr'>De</span> <span class='ocrx_word' id='word_1_239' title='bbox 1426 2525 1509 2606; x_wconf 75' lang='lat' dir='ltr'>offic·</span> <span class='ocrx_word' id='word_1_240' title='bbox 1533 2537 1562 2589; x_wconf 91' lang='lat' dir='ltr'>et</span> <span class='ocrx_word' id='word_1_241' title='bbox 1586 2534 1700 2606; x_wconf 81' lang='lat' dir='ltr'>potest,</span> <span class='ocrx_word' id='word_1_242' title='bbox 1717 2525 1926 2608; x_wconf 75' lang='lat' dir='ltr'>judladele-</span> <span class='ocrx_word' id='word_1_243' title='bbox 2006 2549 2007 2590; x_wconf 75' lang='grc' dir='ltr'><strong>ι</strong></span> 
     </span>
     <span class='ocr_line' id='line_1_23' title="bbox 287 2623 1929 2707; baseline -0.001 -17"><span class='ocrx_word' id='word_1_244' title='bbox 287 2643 394 2692; x_wconf 85' lang='lat' dir='ltr'>eorem</span> <span class='ocrx_word' id='word_1_245' title='bbox 409 2643 470 2689; x_wconf 89' lang='lat' dir='ltr'>suo</span> <span class='ocrx_word' id='word_1_246' title='bbox 494 2627 678 2707; x_wconf 88' lang='lat' dir='ltr'>superiore,</span> <span class='ocrx_word' id='word_1_247' title='bbox 701 2627 753 2691; x_wconf 92' lang='lat' dir='ltr'>vel</span> <span class='ocrx_word' id='word_1_248' title='bbox 772 2637 1085 2695; x_wconf 81' lang='lat' dir='ltr'>conservatore...-</span> <span class='ocrx_word' id='word_1_249' title='bbox 1132 2626 1217 2706; x_wconf 80' lang='lat' dir='ltr'>pati,-</span> <span class='ocrx_word' id='word_1_250' title='bbox 1233 2623 1356 2702; x_wconf 79' lang='lat' dir='ltr'>aQuia</span> <span class='ocrx_word' id='word_1_251' title='bbox 1368 2623 1548 2707; x_wconf 69' lang='lat' dir='ltr'>pontificali</span> <span class='ocrx_word' id='word_1_252' title='bbox 1574 2625 1606 2702; x_wconf 77' lang='lat'>2,</span> <span class='ocrx_word' id='word_1_253' title='bbox 1624 2627 1697 2690; x_wconf 92' lang='lat' dir='ltr'>eod.</span> <span class='ocrx_word' id='word_1_254' title='bbox 1714 2627 1748 2690; x_wconf 92' lang='lat' dir='ltr'>in</span> <span class='ocrx_word' id='word_1_255' title='bbox 1779 2628 1816 2702; x_wconf 73' lang='grc' dir='ltr'>ὃς</span> <span class='ocrx_word' id='word_1_256' title='bbox 1838 2635 1870 2688; x_wconf 87' lang='lat' dir='ltr'>et</span> <span class='ocrx_word' id='word_1_257' title='bbox 1902 2647 1929 2691; x_wconf 89' lang='lat' dir='ltr'>c.</span> 
     </span>
     <span class='ocr_line' id='line_1_24' title="bbox 283 2725 1928 2815; baseline -0.003 -23"><span class='ocrx_word' id='word_1_258' title='bbox 283 2730 540 2804; x_wconf 63' lang='lat' dir='ltr'>‚conservatores</span> <span class='ocrx_word' id='word_1_259' title='bbox 566 2727 764 2810; x_wconf 74' lang='lat' dir='ltr'>regularium</span> <span class='ocrx_word' id='word_1_260' title='bbox 782 2747 981 2812; x_wconf 89' lang='lat' dir='ltr'>cognoscere</span> <span class='ocrx_word' id='word_1_261' title='bbox 1006 2751 1086 2815; x_wconf 87' lang='lat' dir='ltr'>pos·</span> <span class='ocrx_word' id='word_1_262' title='bbox 1134 2727 1218 2804; x_wconf 87' lang='lat' dir='ltr'>Quia</span> <span class='ocrx_word' id='word_1_263' title='bbox 1237 2727 1452 2807; x_wconf 72' lang='lat' dir='ltr'>periculosum</span> <span class='ocrx_word' id='word_1_264' title='bbox 1484 2725 1520 2803; x_wconf 81' lang='lat' dir='ltr'>l;</span> <span class='ocrx_word' id='word_1_265' title='bbox 1550 2726 1595 2789; x_wconf 83' lang='lat' dir='ltr'>Ile</span> <span class='ocrx_word' id='word_1_266' title='bbox 1612 2737 1753 2790; x_wconf 83' lang='lat' dir='ltr'>sentent.</span> <span class='ocrx_word' id='word_1_267' title='bbox 1776 2745 1928 2789; x_wconf 84' lang='lat' dir='ltr'>escarum.</span> 
     </span>
     <span class='ocr_line' id='line_1_25' title="bbox 289 2827 1929 2913; baseline -0.001 -23"><span class='ocrx_word' id='word_1_268' title='bbox 289 2835 366 2892; x_wconf 86' lang='lat' dir='ltr'>sunt</span> <span class='ocrx_word' id='word_1_269' title='bbox 381 2827 422 2892; x_wconf 86' lang='lat' dir='ltr'>rle</span> <span class='ocrx_word' id='word_1_270' title='bbox 437 2827 568 2908; x_wconf 90' lang='lat' dir='ltr'>injuriis</span> <span class='ocrx_word' id='word_1_271' title='bbox 592 2828 684 2892; x_wconf 84' lang='lat' dir='ltr'>laetis</span> <span class='ocrx_word' id='word_1_272' title='bbox 710 2831 825 2908; x_wconf 88' lang='lat' dir='ltr'>servis,</span> <span class='ocrx_word' id='word_1_273' title='bbox 857 2832 1083 2913; x_wconf 77' lang='lat' dir='ltr'>familiaribus,</span> <span class='ocrx_word' id='word_1_274' title='bbox 1134 2827 1167 2890; x_wconf 90' lang='lat' dir='ltr'>in</span> <span class='ocrx_word' id='word_1_275' title='bbox 1184 2827 1232 2911; x_wconf 80' lang='grc'>6),</span> <span class='ocrx_word' id='word_1_276' title='bbox 1247 2845 1377 2908; x_wconf 80' lang='lat' dir='ltr'>aquam</span> <span class='ocrx_word' id='word_1_277' title='bbox 1406 2835 1456 2891; x_wconf 87' lang='lat' dir='ltr'>est</span> <span class='ocrx_word' id='word_1_278' title='bbox 1486 2838 1521 2891; x_wconf 93' lang='lat' dir='ltr'>ut</span> <span class='ocrx_word' id='word_1_279' title='bbox 1545 2839 1790 2893; x_wconf 86' lang='lat' dir='ltr'>conservatores</span> <span class='ocrx_word' id='word_1_280' title='bbox 1807 2845 1874 2890; x_wconf 89' lang='lat' dir='ltr'>non</span> <span class='ocrx_word' id='word_1_281' title='bbox 1891 2829 1929 2889; x_wconf 90' lang='lat' dir='ltr'>ds</span> 
     </span>
     <span class='ocr_line' id='line_1_26' title="bbox 288 2927 2008 3015; baseline -0.001 -25"><span class='ocrx_word' id='word_1_282' title='bbox 288 2927 462 3010; x_wconf 70' lang='lat' dir='ltr'>syndicis,</span> <span class='ocrx_word' id='word_1_283' title='bbox 499 2936 530 2992; x_wconf 88' lang='lat' dir='ltr'>at</span> <span class='ocrx_word' id='word_1_284' title='bbox 558 2931 822 3010; x_wconf 82' lang='lat' dir='ltr'>procuratoribus</span> <span class='ocrx_word' id='word_1_285' title='bbox 854 2935 1014 3015; x_wconf 86' lang='lat' dir='ltr'>ipsorum,</span> <span class='ocrx_word' id='word_1_286' title='bbox 1049 2937 1084 3000; x_wconf 93' lang='lat' dir='ltr'>in</span> <span class='ocrx_word' id='word_1_287' title='bbox 1132 2929 1219 2996; x_wconf 79' lang='lat' dir='ltr'>sacili</span> <span class='ocrx_word' id='word_1_288' title='bbox 1236 2937 1267 2995; x_wconf 89' lang='lat' dir='ltr'>et</span> <span class='ocrx_word' id='word_1_289' title='bbox 1284 2931 1522 3011; x_wconf 78' lang='lat' dir='ltr'>praecipitanter</span> <span class='ocrx_word' id='word_1_290' title='bbox 1536 2937 1644 2994; x_wconf 88' lang='lat' dir='ltr'>eontra</span> <span class='ocrx_word' id='word_1_291' title='bbox 1664 2931 1838 3009; x_wconf 73' lang='lat' dir='ltr'>epviscopos</span> <span class='ocrx_word' id='word_1_292' title='bbox 1854 2945 1928 2991; x_wconf 87' lang='lat' dir='ltr'>sen·</span> <span class='ocrx_word' id='word_1_293' title='bbox 2007 2947 2008 2950; x_wconf 43' lang='lat'>¹</span> 
     </span>
     <span class='ocr_line' id='line_1_27' title="bbox 289 3025 1929 3117; baseline -0.002 -25"><span class='ocrx_word' id='word_1_294' title='bbox 289 3037 445 3111; x_wconf 77' lang='lat' dir='ltr'>errantum</span> <span class='ocrx_word' id='word_1_295' title='bbox 462 3029 583 3094; x_wconf 82' lang='lat' dir='ltr'>talibus</span> <span class='ocrx_word' id='word_1_296' title='bbox 599 3032 854 3113; x_wconf 64' lang='lat' dir='ltr'>receptionum</span> <span class='ocrx_word' id='word_1_297' title='bbox 871 3041 906 3098; x_wconf 94' lang='lat' dir='ltr'>nt</span> <span class='ocrx_word' id='word_1_298' title='bbox 920 3036 1085 3117; x_wconf 87' lang='lat' dir='ltr'>colligitur</span> <span class='ocrx_word' id='word_1_299' title='bbox 1135 3032 1266 3096; x_wconf 87' lang='lat' dir='ltr'>tentiam</span> <span class='ocrx_word' id='word_1_300' title='bbox 1281 3031 1627 3096; x_wconf 86' lang='lat' dir='ltr'>excommunicationis</span> <span class='ocrx_word' id='word_1_301' title='bbox 1640 3027 1816 3112; x_wconf 89' lang='lat' dir='ltr'>prolerant,</span> <span class='ocrx_word' id='word_1_302' title='bbox 1830 3031 1887 3091; x_wconf 88' lang='lat' dir='ltr'>sed</span> <span class='ocrx_word' id='word_1_303' title='bbox 1903 3025 1929 3088; x_wconf 86' lang='lat' dir='ltr'>si</span> 
     </span>
    </p>

    <p class='ocr_par' dir='ltr' id='par_1_5' title="bbox 185 3129 1931 3617">
     <span class='ocr_line' id='line_1_28' title="bbox 185 3129 1929 3217; baseline -0.002 -24"><span class='ocrx_word' id='word_1_304' title='bbox 185 3139 190 3148; x_wconf 89' lang='grc'><strong>’</strong></span> <span class='ocrx_word' id='word_1_305' title='bbox 290 3149 331 3194; x_wconf 80' lang='lat' dir='ltr'>ex</span> <span class='ocrx_word' id='word_1_306' title='bbox 358 3129 457 3195; x_wconf 83' lang='lat' dir='ltr'>variis</span> <span class='ocrx_word' id='word_1_307' title='bbox 488 3131 779 3198; x_wconf 88' lang='lat' dir='ltr'>constitutionibus</span> <span class='ocrx_word' id='word_1_308' title='bbox 813 3137 987 3215; x_wconf 89' lang='lat' dir='ltr'>pontiliciis</span> <span class='ocrx_word' id='word_1_309' title='bbox 1028 3151 1085 3217; x_wconf 88' lang='lat' dir='ltr'>pro</span> <span class='ocrx_word' id='word_1_310' title='bbox 1134 3133 1299 3215; x_wconf 84' lang='lat' dir='ltr'>contingat</span> <span class='ocrx_word' id='word_1_311' title='bbox 1335 3140 1578 3199; x_wconf 85' lang='lat' dir='ltr'>conservatores</span> <span class='ocrx_word' id='word_1_312' title='bbox 1608 3133 1784 3212; x_wconf 86' lang='lat' dir='ltr'>proaedere</span> <span class='ocrx_word' id='word_1_313' title='bbox 1821 3138 1929 3194; x_wconf 88' lang='lat' dir='ltr'>eontra</span> 
     </span>
     <span class='ocr_line' id='line_1_29' title="bbox 290 3228 1930 3315; baseline -0.002 -23"><span class='ocrx_word' id='word_1_314' title='bbox 290 3228 502 3294; x_wconf 83' lang='lat' dir='ltr'>concessione</span> <span class='ocrx_word' id='word_1_315' title='bbox 517 3239 782 3298; x_wconf 75' lang='lat' dir='ltr'>conservatorum</span> <span class='ocrx_word' id='word_1_316' title='bbox 802 3234 1000 3315; x_wconf 87' lang='lat' dir='ltr'>regularium</span> <span class='ocrx_word' id='word_1_317' title='bbox 1016 3237 1086 3301; x_wconf 87' lang='lat' dir='ltr'>edi·</span> <span class='ocrx_word' id='word_1_318' title='bbox 1135 3232 1239 3312; x_wconf 88' lang='lat' dir='ltr'>ipsos,</span> <span class='ocrx_word' id='word_1_319' title='bbox 1255 3249 1291 3296; x_wconf 90' lang='lat' dir='ltr'>ao</span> <span class='ocrx_word' id='word_1_320' title='bbox 1305 3240 1416 3297; x_wconf 89' lang='lat' dir='ltr'>contra</span> <span class='ocrx_word' id='word_1_321' title='bbox 1435 3249 1492 3296; x_wconf 90' lang='lat' dir='ltr'>eos</span> <span class='ocrx_word' id='word_1_322' title='bbox 1508 3233 1592 3295; x_wconf 88' lang='lat' dir='ltr'>lerre</span> <span class='ocrx_word' id='word_1_323' title='bbox 1611 3248 1795 3304; x_wconf 86' lang='lat' dir='ltr'>censuram,</span> <span class='ocrx_word' id='word_1_324' title='bbox 1812 3230 1930 3292; x_wconf 84' lang='lat' dir='ltr'>debent</span> 
     </span>
     <span class='ocr_line' id='line_1_30' title="bbox 289 3329 1931 3410; baseline -0.001 -18"><span class='ocrx_word' id='word_1_325' title='bbox 289 3333 347 3406; x_wconf 80' lang='lat' dir='ltr'>tis,</span> <span class='ocrx_word' id='word_1_326' title='bbox 367 3339 400 3394; x_wconf 92' lang='lat' dir='ltr'>et</span> <span class='ocrx_word' id='word_1_327' title='bbox 413 3329 578 3410; x_wconf 87' lang='lat' dir='ltr'>signanter</span> <span class='ocrx_word' id='word_1_328' title='bbox 595 3347 635 3394; x_wconf 88' lang='lat' dir='ltr'>er</span> <span class='ocrx_word' id='word_1_329' title='bbox 657 3340 761 3397; x_wconf 86' lang='lat' dir='ltr'>const.</span> <span class='ocrx_word' id='word_1_330' title='bbox 781 3333 882 3398; x_wconf 86' lang='lat' dir='ltr'>saneti</span> <span class='ocrx_word' id='word_1_331' title='bbox 910 3335 1002 3398; x_wconf 85' lang='lat' dir='ltr'>Piiv</span> <span class='ocrx_word' id='word_1_332' title='bbox 1035 3335 1086 3399; x_wconf 78' lang='lat' dir='ltr'>Aa</span> <span class='ocrx_word' id='word_1_333' title='bbox 1137 3335 1346 3410; x_wconf 84' lang='lat' dir='ltr'>modestiam,</span> <span class='ocrx_word' id='word_1_334' title='bbox 1373 3341 1403 3396; x_wconf 86' lang='lat' dir='ltr'>et</span> <span class='ocrx_word' id='word_1_335' title='bbox 1423 3333 1637 3398; x_wconf 87' lang='lat' dir='ltr'>reverentiam</span> <span class='ocrx_word' id='word_1_336' title='bbox 1672 3331 1813 3395; x_wconf 84' lang='lat' dir='ltr'>debiturn</span> <span class='ocrx_word' id='word_1_337' title='bbox 1843 3329 1931 3392; x_wconf 87' lang='lat' dir='ltr'>adhi-</span> 
     </span>
     <span class='ocr_line' id='line_1_31' title="bbox 289 3429 1929 3514; baseline -0.001 -22"><span class='ocrx_word' id='word_1_338' title='bbox 289 3431 348 3492; x_wconf 85' lang='lat' dir='ltr'>leoc</span> <span class='ocrx_word' id='word_1_339' title='bbox 365 3430 568 3493; x_wconf 68' lang='lat' dir='ltr'>moverem</span> <span class='ocrx_word' id='word_1_340' title='bbox 590 3429 753 3511; x_wconf 58' lang='lat' dir='ltr'>(laento.</span> <span class='ocrx_word' id='word_1_341' title='bbox 775 3439 834 3496; x_wconf 89' lang='lat' dir='ltr'>art.</span> <span class='ocrx_word' id='word_1_342' title='bbox 852 3435 884 3512; x_wconf 78' lang='lat'>2,</span> <span class='ocrx_word' id='word_1_343' title='bbox 917 3453 947 3498; x_wconf 94' lang='lat' dir='ltr'>n.</span> <span class='ocrx_word' id='word_1_344' title='bbox 963 3437 1014 3514; x_wconf 76' lang='lat' dir='ltr'>llll,</span> <span class='ocrx_word' id='word_1_345' title='bbox 1045 3437 1085 3500; x_wconf 81' lang='grc'>33</span> <span class='ocrx_word' id='word_1_346' title='bbox 1135 3435 1230 3513; x_wconf 83' lang='lat' dir='ltr'>ltere,</span> <span class='ocrx_word' id='word_1_347' title='bbox 1255 3447 1287 3500; x_wconf 91' lang='lat' dir='ltr'>et</span> <span class='ocrx_word' id='word_1_348' title='bbox 1314 3453 1444 3500; x_wconf 91' lang='lat' dir='ltr'>servare</span> <span class='ocrx_word' id='word_1_349' title='bbox 1469 3435 1617 3499; x_wconf 81' lang='lat' dir='ltr'>oralinem</span> <span class='ocrx_word' id='word_1_350' title='bbox 1645 3433 1871 3514; x_wconf 78' lang='lat' dir='ltr'>proscriptum</span> <span class='ocrx_word' id='word_1_351' title='bbox 1899 3430 1929 3491; x_wconf 92' lang='lat' dir='ltr'>in</span> 
     </span>
     <span class='ocr_line' id='line_1_32' title="bbox 291 3529 1930 3617; baseline -0.008 -14"><span class='ocrx_word' id='word_1_352' title='bbox 291 3538 324 3594; x_wconf 64' lang='lat' dir='ltr'>ll</span> <span class='ocrx_word' id='word_1_353' title='bbox 337 3529 403 3613; x_wconf 78' lang='lat'><strong>36.)</strong></span> <span class='ocrx_word' id='word_1_354' title='bbox 440 3585 443 3590; x_wconf 89' lang='lat'>-</span> <span class='ocrx_word' id='word_1_355' title='bbox 1136 3537 1222 3601; x_wconf 87' lang='lat' dir='ltr'>dioto</span> <span class='ocrx_word' id='word_1_356' title='bbox 1232 3554 1259 3602; x_wconf 88' lang='lat' dir='ltr'>o.</span> <span class='ocrx_word' id='word_1_357' title='bbox 1276 3537 1359 3613; x_wconf 86' lang='lat' dir='ltr'>Quin</span> <span class='ocrx_word' id='word_1_358' title='bbox 1371 3535 1658 3617; x_wconf 71' lang='lat' dir='ltr'>pontificali,t1uod</span> <span class='ocrx_word' id='word_1_359' title='bbox 1672 3533 1798 3596; x_wconf 87' lang='lat' dir='ltr'>scillcet</span> <span class='ocrx_word' id='word_1_360' title='bbox 1810 3532 1930 3605; x_wconf 83' lang='lat' dir='ltr'>Primo,</span> 
     </span>
    </p>

    <p class='ocr_par' dir='ltr' id='par_1_6' title="bbox 289 3631 1932 4324">
     <span class='ocr_line' id='line_1_33' title="bbox 331 3631 1932 3714; baseline -0.001 -20"><span class='ocrx_word' id='word_1_361' title='bbox 331 3632 372 3694; x_wconf 82' lang='lat' dir='ltr'>V.</span> <span class='ocrx_word' id='word_1_362' title='bbox 400 3631 650 3696; x_wconf 83' lang='lat' dir='ltr'>conservatores</span> <span class='ocrx_word' id='word_1_363' title='bbox 666 3631 866 3714; x_wconf 87' lang='lat' dir='ltr'>regularium</span> <span class='ocrx_word' id='word_1_364' title='bbox 884 3649 950 3698; x_wconf 93' lang='lat' dir='ltr'>uon</span> <span class='ocrx_word' id='word_1_365' title='bbox 967 3643 1083 3699; x_wconf 90' lang='lat' dir='ltr'>tenen·</span> <span class='ocrx_word' id='word_1_366' title='bbox 1135 3637 1450 3704; x_wconf 71' lang='lat' dir='ltr'>aaronseuuorinus</span> <span class='ocrx_word' id='word_1_367' title='bbox 1466 3635 1676 3700; x_wconf 85' lang='lat' dir='ltr'>interdicatur</span> <span class='ocrx_word' id='word_1_368' title='bbox 1700 3633 1867 3714; x_wconf 87' lang='lat' dir='ltr'>episcopis</span> <span class='ocrx_word' id='word_1_369' title='bbox 1883 3631 1932 3692; x_wconf 92' lang='lat' dir='ltr'>in-</span> 
     </span>
     <span class='ocr_line' id='line_1_34' title="bbox 290 3731 1931 3822; baseline 0.001 -29"><span class='ocrx_word' id='word_1_370' title='bbox 290 3738 343 3796; x_wconf 91' lang='lat' dir='ltr'>tur</span> <span class='ocrx_word' id='word_1_371' title='bbox 359 3731 406 3796; x_wconf 85' lang='lat' dir='ltr'>ati</span> <span class='ocrx_word' id='word_1_372' title='bbox 422 3731 1086 3815; x_wconf 85' lang='lat' dir='ltr'>notarioeuriasapiscopelis,sedpossunt</span> <span class='ocrx_word' id='word_1_373' title='bbox 1135 3757 1268 3822; x_wconf 87' lang='lat' dir='ltr'>gressus</span> <span class='ocrx_word' id='word_1_374' title='bbox 1290 3737 1323 3802; x_wconf 92' lang='lat' dir='ltr'>in</span> <span class='ocrx_word' id='word_1_375' title='bbox 1349 3739 1539 3814; x_wconf 86' lang='lat' dir='ltr'>ecclesiam,</span> <span class='ocrx_word' id='word_1_376' title='bbox 1566 3735 1616 3801; x_wconf 89' lang='lat' dir='ltr'>vel</span> <span class='ocrx_word' id='word_1_377' title='bbox 1642 3735 1839 3798; x_wconf 86' lang='lat' dir='ltr'>sacerdotale</span> <span class='ocrx_word' id='word_1_378' title='bbox 1867 3731 1931 3797; x_wconf 85' lang='lat' dir='ltr'>olli-</span> 
     </span>
     <span class='ocr_line' id='line_1_35' title="bbox 289 3831 1930 3915; baseline -0.001 -20"><span class='ocrx_word' id='word_1_379' title='bbox 289 3849 456 3898; x_wconf 88' lang='lat' dir='ltr'>assumere</span> <span class='ocrx_word' id='word_1_380' title='bbox 476 3850 705 3914; x_wconf 85' lang='lat' dir='ltr'>quemcunque</span> <span class='ocrx_word' id='word_1_381' title='bbox 736 3835 897 3900; x_wconf 89' lang='lat' dir='ltr'>notarium</span> <span class='ocrx_word' id='word_1_382' title='bbox 922 3836 987 3900; x_wconf 92' lang='lat' dir='ltr'>sibi</span> <span class='ocrx_word' id='word_1_383' title='bbox 1001 3836 1085 3902; x_wconf 88' lang='lat' dir='ltr'>bene</span> <span class='ocrx_word' id='word_1_384' title='bbox 1140 3840 1240 3904; x_wconf 90' lang='lat' dir='ltr'>oium.</span> <span class='ocrx_word' id='word_1_385' title='bbox 1256 3837 1410 3913; x_wconf 82' lang='lat' dir='ltr'>Secundo,</span> <span class='ocrx_word' id='word_1_386' title='bbox 1428 3845 1463 3900; x_wconf 91' lang='lat' dir='ltr'>ut</span> <span class='ocrx_word' id='word_1_387' title='bbox 1486 3837 1727 3915; x_wconf 73' lang='lat' dir='ltr'>saepiendantur</span> <span class='ocrx_word' id='word_1_388' title='bbox 1754 3833 1794 3897; x_wconf 91' lang='lat' dir='ltr'>ab</span> <span class='ocrx_word' id='word_1_389' title='bbox 1815 3831 1930 3897; x_wconf 85' lang='lat' dir='ltr'>allicio.</span> 
     </span>
     <span class='ocr_line' id='line_1_36' title="bbox 296 3932 1930 4018; baseline -0.001 -22"><span class='ocrx_word' id='word_1_390' title='bbox 296 3934 417 3996; x_wconf 87' lang='lat' dir='ltr'>visum.</span> <span class='ocrx_word' id='word_1_391' title='bbox 438 3933 499 4012; x_wconf 88' lang='lat' dir='ltr'>(la.</span> <span class='ocrx_word' id='word_1_392' title='bbox 516 3933 594 3998; x_wconf 80' lang='lat' dir='ltr'>ibid.</span> <span class='ocrx_word' id='word_1_393' title='bbox 610 3951 644 3997; x_wconf 89' lang='lat' dir='ltr'>u.</span> <span class='ocrx_word' id='word_1_394' title='bbox 659 3932 725 4014; x_wconf 68' lang='lat' dir='ltr'>ii.)</span> <span class='ocrx_word' id='word_1_395' title='bbox 756 3938 826 3999; x_wconf 88' lang='lat' dir='ltr'>Non</span> <span class='ocrx_word' id='word_1_396' title='bbox 852 3945 989 4018; x_wconf 88' lang='lat' dir='ltr'>possunt</span> <span class='ocrx_word' id='word_1_397' title='bbox 1021 3937 1086 4002; x_wconf 86' lang='lat' dir='ltr'>sibi</span> <span class='ocrx_word' id='word_1_398' title='bbox 1141 3943 1259 4016; x_wconf 81' lang='lat' dir='ltr'>Tertio,</span> <span class='ocrx_word' id='word_1_399' title='bbox 1277 3946 1385 4003; x_wconf 88' lang='lat' dir='ltr'>contra</span> <span class='ocrx_word' id='word_1_400' title='bbox 1412 3954 1468 4001; x_wconf 84' lang='lat' dir='ltr'>eos</span> <span class='ocrx_word' id='word_1_401' title='bbox 1488 3935 1705 4001; x_wconf 81' lang='lat' dir='ltr'>ecclesiastica</span> <span class='ocrx_word' id='word_1_402' title='bbox 1721 3953 1861 3999; x_wconf 86' lang='lat' dir='ltr'>censura</span> <span class='ocrx_word' id='word_1_403' title='bbox 1878 3951 1930 4015; x_wconf 85' lang='lat' dir='ltr'>ag·</span> 
     </span>
     <span class='ocr_line' id='line_1_37' title="bbox 290 4031 1932 4122; baseline 0.003 -30"><span class='ocrx_word' id='word_1_404' title='bbox 290 4031 374 4096; x_wconf 86' lang='lat' dir='ltr'>alios</span> <span class='ocrx_word' id='word_1_405' title='bbox 392 4032 560 4096; x_wconf 86' lang='lat' dir='ltr'>ministros</span> <span class='ocrx_word' id='word_1_406' title='bbox 579 4049 747 4098; x_wconf 84' lang='lat' dir='ltr'>assumere</span> <span class='ocrx_word' id='word_1_407' title='bbox 771 4043 886 4115; x_wconf 79' lang='lat' dir='ltr'>preter</span> <span class='ocrx_word' id='word_1_408' title='bbox 908 4035 1094 4101; x_wconf 55' lang='lat' dir='ltr'>notarium(</span> <span class='ocrx_word' id='word_1_409' title='bbox 1136 4052 1297 4122; x_wconf 78' lang='lat' dir='ltr'>gravuur,</span> <span class='ocrx_word' id='word_1_410' title='bbox 1322 4039 1389 4103; x_wconf 90' lang='lat' dir='ltr'>nisi</span> <span class='ocrx_word' id='word_1_411' title='bbox 1406 4038 1488 4104; x_wconf 90' lang='lat' dir='ltr'>iorte</span> <span class='ocrx_word' id='word_1_412' title='bbox 1513 4037 1607 4111; x_wconf 83' lang='lat' dir='ltr'>allud</span> <span class='ocrx_word' id='word_1_413' title='bbox 1628 4037 1697 4102; x_wconf 83' lang='lat' dir='ltr'>lieri</span> <span class='ocrx_word' id='word_1_414' title='bbox 1723 4037 1865 4101; x_wconf 87' lang='lat' dir='ltr'>suaserit</span> <span class='ocrx_word' id='word_1_415' title='bbox 1886 4038 1932 4099; x_wconf 90' lang='lat' dir='ltr'>ni-</span> 
     </span>
     <span class='ocr_line' id='line_1_38' title="bbox 291 4131 1931 4218; baseline 0 -23"><span class='ocrx_word' id='word_1_416' title='bbox 291 4131 358 4214; x_wconf 80' lang='lat' dir='ltr'>(lta</span> <span class='ocrx_word' id='word_1_417' title='bbox 386 4133 533 4196; x_wconf 85' lang='lat' dir='ltr'>decisum</span> <span class='ocrx_word' id='word_1_418' title='bbox 568 4133 644 4199; x_wconf 85' lang='lat' dir='ltr'>vide</span> <span class='ocrx_word' id='word_1_419' title='bbox 667 4134 753 4214; x_wconf 87' lang='lat' dir='ltr'>apud</span> <span class='ocrx_word' id='word_1_420' title='bbox 777 4137 904 4200; x_wconf 87' lang='lat' dir='ltr'>Bened.</span> <span class='ocrx_word' id='word_1_421' title='bbox 929 4137 1018 4216; x_wconf 83' lang='lat' dir='ltr'>xlv,</span> <span class='ocrx_word' id='word_1_422' title='bbox 1042 4139 1097 4202; x_wconf 64' lang='lat' dir='ltr'>De*</span> <span class='ocrx_word' id='word_1_423' title='bbox 1138 4141 1209 4205; x_wconf 83' lang='lat' dir='ltr'>ririea</span> <span class='ocrx_word' id='word_1_424' title='bbox 1240 4135 1449 4204; x_wconf 75' lang='lat' dir='ltr'>contumacia</span> <span class='ocrx_word' id='word_1_425' title='bbox 1477 4135 1681 4218; x_wconf 83' lang='lat' dir='ltr'>protervitas,</span> <span class='ocrx_word' id='word_1_426' title='bbox 1709 4143 1743 4198; x_wconf 89' lang='lat' dir='ltr'>ut</span> <span class='ocrx_word' id='word_1_427' title='bbox 1776 4143 1864 4216; x_wconf 86' lang='lat' dir='ltr'>patet</span> <span class='ocrx_word' id='word_1_428' title='bbox 1896 4149 1931 4197; x_wconf 83' lang='lat' dir='ltr'>er</span> 
     </span>
     <span class='ocr_line' id='line_1_39' title="bbox 291 4225 1930 4324; baseline -0.007 -14"><span class='ocrx_word' id='word_1_429' title='bbox 291 4231 403 4314; x_wconf 57' lang='lat' dir='ltr'>&#39;ld‘ld-</span> <span class='ocrx_word' id='word_1_430' title='bbox 419 4233 508 4299; x_wconf 64' lang='lat' dir='ltr'>dl&#39;oess·</span> <span class='ocrx_word' id='word_1_431' title='bbox 524 4233 582 4299; x_wconf 68' lang='lat' dir='ltr'>fib·</span> <span class='ocrx_word' id='word_1_432' title='bbox 602 4251 645 4311; x_wconf 71' lang='lat' dir='ltr'>lb</span> <span class='ocrx_word' id='word_1_433' title='bbox 666 4251 695 4298; x_wconf 76' lang='lat'>0·</span> <span class='ocrx_word' id='word_1_434' title='bbox 714 4236 746 4311; x_wconf 70' lang='lat'>5·</span> <span class='ocrx_word' id='word_1_435' title='bbox 763 4251 796 4300; x_wconf 83' lang='lat'>¹¹·</span> <span class='ocrx_word' id='word_1_436' title='bbox 812 4234 857 4318; x_wconf 69' lang='grc' dir='ltr'>θ.)</span> <span class='ocrx_word' id='word_1_437' title='bbox 982 4225 985 4232; x_wconf 52' lang='grc'>’</span> <span class='ocrx_word' id='word_1_438' title='bbox 1137 4243 1277 4324; x_wconf 65' lang='lat' dir='ltr'>praecisis</span> <span class='ocrx_word' id='word_1_439' title='bbox 1306 4241 1412 4306; x_wconf 88' lang='lat' dir='ltr'>verbis</span> <span class='ocrx_word' id='word_1_440' title='bbox 1432 4241 1464 4304; x_wconf 94' lang='lat' dir='ltr'>d.</span> <span class='ocrx_word' id='word_1_441' title='bbox 1493 4257 1522 4306; x_wconf 88' lang='lat' dir='ltr'>o.</span> <span class='ocrx_word' id='word_1_442' title='bbox 1551 4239 1642 4317; x_wconf 83' lang='lat' dir='ltr'>Quia·</span> <span class='ocrx_word' id='word_1_443' title='bbox 1652 4239 1844 4320; x_wconf 76' lang='lat' dir='ltr'>pontificali,</span> <span class='ocrx_word' id='word_1_444' title='bbox 1869 4239 1930 4301; x_wconf 91' lang='lat' dir='ltr'>ibi:</span> 
     </span>
    </p>

    <p class='ocr_par' dir='ltr' id='par_1_7' title="bbox 292 4335 1933 4626">
     <span class='ocr_line' id='line_1_40' title="bbox 332 4335 1930 4423; baseline 0.003 -27"><span class='ocrx_word' id='word_1_445' title='bbox 332 4337 385 4397; x_wconf 90' lang='lat' dir='ltr'>Vl.</span> <span class='ocrx_word' id='word_1_446' title='bbox 416 4337 441 4396; x_wconf 85' lang='grc' dir='ltr'><strong>Α</strong></span> <span class='ocrx_word' id='word_1_447' title='bbox 460 4336 621 4398; x_wconf 84' lang='lat' dir='ltr'>sententie</span> <span class='ocrx_word' id='word_1_448' title='bbox 628 4335 751 4416; x_wconf 89' lang='lat' dir='ltr'>judicis</span> <span class='ocrx_word' id='word_1_449' title='bbox 770 4340 1018 4416; x_wconf 81' lang='lat' dir='ltr'>conservatoris,</span> <span class='ocrx_word' id='word_1_450' title='bbox 1035 4349 1086 4405; x_wconf 90' lang='lat' dir='ltr'>ut·</span> <span class='ocrx_word' id='word_1_451' title='bbox 1137 4341 1220 4420; x_wconf 84' lang='lat' dir='ltr'>Quia</span> <span class='ocrx_word' id='word_1_452' title='bbox 1241 4341 1419 4423; x_wconf 77' lang='lat' dir='ltr'>pontificali</span> <span class='ocrx_word' id='word_1_453' title='bbox 1434 4339 1589 4421; x_wconf 77' lang='lat' dir='ltr'>dignitate</span> <span class='ocrx_word' id='word_1_454' title='bbox 1607 4339 1771 4421; x_wconf 76' lang='lat' dir='ltr'>praedictis</span> <span class='ocrx_word' id='word_1_455' title='bbox 1788 4339 1826 4402; x_wconf 85' lang='lat' dir='ltr'>ob</span> <span class='ocrx_word' id='word_1_456' title='bbox 1843 4359 1930 4402; x_wconf 85' lang='lat' dir='ltr'>reee-</span> 
     </span>
     <span class='ocr_line' id='line_1_41' title="bbox 292 4435 1933 4525; baseline 0.005 -30"><span class='ocrx_word' id='word_1_457' title='bbox 292 4443 394 4514; x_wconf 86' lang='lat' dir='ltr'>potee</span> <span class='ocrx_word' id='word_1_458' title='bbox 411 4442 519 4498; x_wconf 82' lang='lat' dir='ltr'>servate</span> <span class='ocrx_word' id='word_1_459' title='bbox 537 4435 615 4498; x_wconf 89' lang='lat' dir='ltr'>sede</span> <span class='ocrx_word' id='word_1_460' title='bbox 629 4437 780 4517; x_wconf 85' lang='lat' dir='ltr'>delegati,</span> <span class='ocrx_word' id='word_1_461' title='bbox 800 4438 913 4520; x_wconf 88' lang='lat' dir='ltr'>nequit</span> <span class='ocrx_word' id='word_1_462' title='bbox 928 4439 1085 4520; x_wconf 86' lang='lat' dir='ltr'>appellari</span> <span class='ocrx_word' id='word_1_463' title='bbox 1136 4443 1272 4505; x_wconf 79' lang='lat' dir='ltr'>rentiam</span> <span class='ocrx_word' id='word_1_464' title='bbox 1294 4445 1379 4506; x_wconf 84' lang='lat' dir='ltr'>sacri</span> <span class='ocrx_word' id='word_1_465' title='bbox 1407 4441 1507 4525; x_wconf 74' lang='lat' dir='ltr'>officie·</span> <span class='ocrx_word' id='word_1_466' title='bbox 1530 4441 1614 4523; x_wconf 82' lang='lat' dir='ltr'>quod</span> <span class='ocrx_word' id='word_1_467' title='bbox 1633 4450 1811 4515; x_wconf 74' lang='lat' dir='ltr'>exercetur,</span> <span class='ocrx_word' id='word_1_468' title='bbox 1829 4441 1933 4522; x_wconf 87' lang='lat' dir='ltr'>pluri·</span> 
     </span>
     <span class='ocr_line' id='line_1_42' title="bbox 292 4533 1932 4626; baseline 0.004 -30"><span class='ocrx_word' id='word_1_469' title='bbox 292 4533 356 4598; x_wconf 87' lang='lat' dir='ltr'>rrvsi</span> <span class='ocrx_word' id='word_1_470' title='bbox 377 4533 416 4596; x_wconf 90' lang='lat' dir='ltr'>ed</span> <span class='ocrx_word' id='word_1_471' title='bbox 432 4544 572 4596; x_wconf 74' lang='lat' dir='ltr'>sancum</span> <span class='ocrx_word' id='word_1_472' title='bbox 589 4535 712 4599; x_wconf 87' lang='lat' dir='ltr'>sedem.</span> <span class='ocrx_word' id='word_1_473' title='bbox 1136 4561 1219 4606; x_wconf 84' lang='lat' dir='ltr'>mum</span> <span class='ocrx_word' id='word_1_474' title='bbox 1236 4543 1359 4626; x_wconf 74' lang='lat' dir='ltr'>deferre</span> <span class='ocrx_word' id='word_1_475' title='bbox 1374 4543 1530 4617; x_wconf 86' lang='lat' dir='ltr'>conuenit,</span> <span class='ocrx_word' id='word_1_476' title='bbox 1549 4551 1578 4604; x_wconf 88' lang='lat' dir='ltr'>et</span> <span class='ocrx_word' id='word_1_477' title='bbox 1592 4560 1641 4603; x_wconf 90' lang='lat' dir='ltr'>eos</span> <span class='ocrx_word' id='word_1_478' title='bbox 1656 4543 1730 4624; x_wconf 89' lang='lat' dir='ltr'>plus</span> <span class='ocrx_word' id='word_1_479' title='bbox 1744 4542 1818 4605; x_wconf 84' lang='lat' dir='ltr'>aliis</span> <span class='ocrx_word' id='word_1_480' title='bbox 1836 4543 1932 4602; x_wconf 89' lang='lat' dir='ltr'>lvouo·</span> 
     </span>
    </p>

    <p class='ocr_par' dir='ltr' id='par_1_8' title="bbox 293 4634 1932 5126">
     <span class='ocr_line' id='line_1_43' title="bbox 335 4634 1931 4724; baseline 0.008 -32"><span class='ocrx_word' id='word_1_481' title='bbox 335 4634 402 4694; x_wconf 86' lang='lat' dir='ltr'>vll.</span> <span class='ocrx_word' id='word_1_482' title='bbox 419 4653 435 4692; x_wconf 87' lang='lat' dir='ltr'>e</span> <span class='ocrx_word' id='word_1_483' title='bbox 458 4635 705 4698; x_wconf 87' lang='lat' dir='ltr'>Conservatores</span> <span class='ocrx_word' id='word_1_484' title='bbox 726 4637 924 4716; x_wconf 87' lang='lat' dir='ltr'>regularium</span> <span class='ocrx_word' id='word_1_485' title='bbox 949 4650 1087 4721; x_wconf 84' lang='lat' dir='ltr'>possunt</span> <span class='ocrx_word' id='word_1_486' title='bbox 1137 4647 1207 4708; x_wconf 81' lang='lat' dir='ltr'>rure·</span> <span class='ocrx_word' id='word_1_487' title='bbox 1222 4645 1306 4708; x_wconf 86' lang='lat' dir='ltr'>derel</span> <span class='ocrx_word' id='word_1_488' title='bbox 1322 4662 1332 4706; x_wconf 94' lang='grc'>.·</span> <span class='ocrx_word' id='word_1_489' title='bbox 1351 4654 1386 4706; x_wconf 92' lang='lat' dir='ltr'>ut</span> <span class='ocrx_word' id='word_1_490' title='bbox 1410 4663 1479 4706; x_wconf 87' lang='lat' dir='ltr'>curn</span> <span class='ocrx_word' id='word_1_491' title='bbox 1493 4641 1684 4724; x_wconf 86' lang='lat' dir='ltr'>ajudr&#39;ce&#39;lrus</span> <span class='ocrx_word' id='word_1_492' title='bbox 1699 4641 1748 4704; x_wconf 87' lang='lat' dir='ltr'>nel</span> <span class='ocrx_word' id='word_1_493' title='bbox 1763 4661 1931 4704; x_wconf 85' lang='lat' dir='ltr'>conseran-</span> 
     </span>
     <span class='ocr_line' id='line_1_44' title="bbox 294 4735 1930 4826; baseline 0.004 -30"><span class='ocrx_word' id='word_1_494' title='bbox 294 4752 353 4813; x_wconf 91' lang='lat' dir='ltr'>per</span> <span class='ocrx_word' id='word_1_495' title='bbox 381 4749 535 4798; x_wconf 88' lang='lat' dir='ltr'>censuras</span> <span class='ocrx_word' id='word_1_496' title='bbox 564 4735 818 4812; x_wconf 84' lang='lat' dir='ltr'>ecclesiasticas,</span> <span class='ocrx_word' id='word_1_497' title='bbox 846 4739 975 4822; x_wconf 88' lang='lat' dir='ltr'>aliaque</span> <span class='ocrx_word' id='word_1_498' title='bbox 1000 4740 1085 4820; x_wconf 88' lang='lat' dir='ltr'>juris</span> <span class='ocrx_word' id='word_1_499' title='bbox 1137 4745 1295 4808; x_wconf 69' lang='lat' dir='ltr'>tratura</span> <span class='ocrx_word' id='word_1_500' title='bbox 1313 4743 1699 4826; x_wconf 82' lang='lat' dir='ltr'>sedcoportolicoeonrra</span> <span class='ocrx_word' id='word_1_501' title='bbox 1717 4743 1826 4805; x_wconf 84' lang='lat' dir='ltr'>sarad</span> <span class='ocrx_word' id='word_1_502' title='bbox 1859 4763 1930 4804; x_wconf 83' lang='lat' dir='ltr'>roa-</span> 
     </span>
     <span class='ocr_line' id='line_1_45' title="bbox 294 4835 1930 4926; baseline 0.003 -29"><span class='ocrx_word' id='word_1_503' title='bbox 294 4837 436 4898; x_wconf 85' lang='lat' dir='ltr'>remedie</span> <span class='ocrx_word' id='word_1_504' title='bbox 457 4835 629 4914; x_wconf 86' lang='lat' dir='ltr'>procedere</span> <span class='ocrx_word' id='word_1_505' title='bbox 646 4845 755 4901; x_wconf 89' lang='lat' dir='ltr'>contre</span> <span class='ocrx_word' id='word_1_506' title='bbox 781 4839 967 4920; x_wconf 88' lang='lat' dir='ltr'>episcopos,</span> <span class='ocrx_word' id='word_1_507' title='bbox 985 4841 1085 4904; x_wconf 85' lang='lat' dir='ltr'>alios·</span> <span class='ocrx_word' id='word_1_508' title='bbox 1138 4843 1257 4905; x_wconf 85' lang='lat' dir='ltr'>ettourr</span> <span class='ocrx_word' id='word_1_509' title='bbox 1280 4841 1424 4922; x_wconf 83' lang='lat' dir='ltr'>aliquae,</span> <span class='ocrx_word' id='word_1_510' title='bbox 1437 4861 1490 4905; x_wconf 90' lang='lat' dir='ltr'>eeu</span> <span class='ocrx_word' id='word_1_511' title='bbox 1506 4861 1612 4924; x_wconf 82' lang='lat' dir='ltr'>ponne</span> <span class='ocrx_word' id='word_1_512' title='bbox 1627 4844 1727 4926; x_wconf 76' lang='lat' dir='ltr'>suerit</span> <span class='ocrx_word' id='word_1_513' title='bbox 1754 4842 1930 4922; x_wconf 86' lang='lat' dir='ltr'>proceden-</span> 
     </span>
     <span class='ocr_line' id='line_1_46' title="bbox 293 4933 1931 5028; baseline 0.004 -30"><span class='ocrx_word' id='word_1_514' title='bbox 293 4953 357 5016; x_wconf 79' lang='lat' dir='ltr'>oue</span> <span class='ocrx_word' id='word_1_515' title='bbox 370 4933 498 5015; x_wconf 90' lang='lat' dir='ltr'>judices</span> <span class='ocrx_word' id='word_1_516' title='bbox 514 4935 659 5014; x_wconf 90' lang='lat' dir='ltr'>ipsorum</span> <span class='ocrx_word' id='word_1_517' title='bbox 684 4937 828 5001; x_wconf 81' lang='lat' dir='ltr'>alliciam</span> <span class='ocrx_word' id='word_1_518' title='bbox 856 4938 1085 5019; x_wconf 86' lang='lat' dir='ltr'>impedientes.</span> <span class='ocrx_word' id='word_1_519' title='bbox 1138 4941 1222 5020; x_wconf 86' lang='lat' dir='ltr'>dam,</span> <span class='ocrx_word' id='word_1_520' title='bbox 1237 4943 1358 5024; x_wconf 78' lang='lat' dir='ltr'>produc</span> <span class='ocrx_word' id='word_1_521' title='bbox 1379 4955 1408 5008; x_wconf 86' lang='lat' dir='ltr'>et</span> <span class='ocrx_word' id='word_1_522' title='bbox 1423 4944 1576 5009; x_wconf 81' lang='lat' dir='ltr'>modestia</span> <span class='ocrx_word' id='word_1_523' title='bbox 1596 4947 1630 5008; x_wconf 84' lang='lat' dir='ltr'>r&#39;n</span> <span class='ocrx_word' id='word_1_524' title='bbox 1650 4943 1833 5028; x_wconf 78' lang='lat' dir='ltr'>hujusmodl</span> <span class='ocrx_word' id='word_1_525' title='bbox 1851 4964 1931 5024; x_wconf 84' lang='lat' dir='ltr'>pro-</span> 
     </span>
     <span class='ocr_line' id='line_1_47' title="bbox 294 5037 1932 5126; baseline 0.004 -27"><span class='ocrx_word' id='word_1_526' title='bbox 294 5037 463 5119; x_wconf 75' lang='lat' dir='ltr'>(noane,</span> <span class='ocrx_word' id='word_1_527' title='bbox 498 5039 735 5114; x_wconf 65' lang='lat' dir='ltr'>bramtune,</span> <span class='ocrx_word' id='word_1_528' title='bbox 755 5041 923 5105; x_wconf 84' lang='lat' dir='ltr'>Pessrnrre.</span> <span class='ocrx_word' id='word_1_529' title='bbox 949 5049 979 5104; x_wconf 88' lang='lat' dir='ltr'>et</span> <span class='ocrx_word' id='word_1_530' title='bbox 1004 5043 1085 5123; x_wconf 87' lang='lat' dir='ltr'>alii.)</span> <span class='ocrx_word' id='word_1_531' title='bbox 1138 5061 1228 5108; x_wconf 80' lang='lat' dir='ltr'>cassu</span> <span class='ocrx_word' id='word_1_532' title='bbox 1251 5056 1410 5118; x_wconf 82' lang='lat' dir='ltr'>seruetur:</span> <span class='ocrx_word' id='word_1_533' title='bbox 1438 5047 1484 5108; x_wconf 87' lang='lat' dir='ltr'>ita</span> <span class='ocrx_word' id='word_1_534' title='bbox 1502 5044 1586 5125; x_wconf 79' lang='lat' dir='ltr'>quad</span> <span class='ocrx_word' id='word_1_535' title='bbox 1607 5048 1651 5110; x_wconf 87' lang='lat' dir='ltr'>eir</span> <span class='ocrx_word' id='word_1_536' title='bbox 1669 5045 1828 5124; x_wconf 76' lang='lat' dir='ltr'>condigno</span> <span class='ocrx_word' id='word_1_537' title='bbox 1858 5063 1932 5126; x_wconf 85' lang='lat' dir='ltr'>qua·</span> 
     </span>
    </p>

    <p class='ocr_par' dir='ltr' id='par_1_9' title="bbox 294 5137 1933 5738">
     <span class='ocr_line' id='line_1_48' title="bbox 294 5137 1930 5228; baseline 0.006 -28"><span class='ocrx_word' id='word_1_538' title='bbox 294 5141 331 5200; x_wconf 85' lang='lat' dir='ltr'>Et</span> <span class='ocrx_word' id='word_1_539' title='bbox 342 5137 516 5202; x_wconf 87' lang='lat' dir='ltr'>deducitur</span> <span class='ocrx_word' id='word_1_540' title='bbox 526 5139 611 5202; x_wconf 88' lang='lat' dir='ltr'>alere</span> <span class='ocrx_word' id='word_1_541' title='bbox 627 5155 668 5202; x_wconf 84' lang='lat' dir='ltr'>ex</span> <span class='ocrx_word' id='word_1_542' title='bbox 685 5156 756 5219; x_wconf 90' lang='lat' dir='ltr'>cap.</span> <span class='ocrx_word' id='word_1_543' title='bbox 769 5139 852 5217; x_wconf 81' lang='lat' dir='ltr'>Quia</span> <span class='ocrx_word' id='word_1_544' title='bbox 864 5143 1042 5224; x_wconf 70' lang='lat' dir='ltr'>pontificali</span> <span class='ocrx_word' id='word_1_545' title='bbox 1050 5145 1082 5218; x_wconf 72' lang='lat'>2,</span> <span class='ocrx_word' id='word_1_546' title='bbox 1138 5145 1209 5206; x_wconf 85' lang='lat' dir='ltr'>dant</span> <span class='ocrx_word' id='word_1_547' title='bbox 1225 5145 1403 5209; x_wconf 84' lang='lat' dir='ltr'>reuerentia</span> <span class='ocrx_word' id='word_1_548' title='bbox 1417 5147 1635 5228; x_wconf 83' lang='lat' dir='ltr'>supportatis,</span> <span class='ocrx_word' id='word_1_549' title='bbox 1651 5149 1814 5227; x_wconf 79' lang='lat' dir='ltr'>inpressas</span> <span class='ocrx_word' id='word_1_550' title='bbox 1829 5150 1930 5228; x_wconf 81' lang='lat' dir='ltr'>prinu</span> 
     </span>
     <span class='ocr_line' id='line_1_49' title="bbox 294 5238 1932 5326; baseline 0.005 -26"><span class='ocrx_word' id='word_1_551' title='bbox 294 5241 339 5300; x_wconf 85' lang='lat' dir='ltr'>tle</span> <span class='ocrx_word' id='word_1_552' title='bbox 356 5241 439 5322; x_wconf 74' lang='lat' dir='ltr'>offic.</span> <span class='ocrx_word' id='word_1_553' title='bbox 456 5238 588 5320; x_wconf 75' lang='lat' dir='ltr'>delegat.</span> <span class='ocrx_word' id='word_1_554' title='bbox 632 5241 666 5302; x_wconf 93' lang='lat' dir='ltr'>in</span> <span class='ocrx_word' id='word_1_555' title='bbox 689 5241 720 5314; x_wconf 90' lang='lat' dir='ltr'>o,</span> <span class='ocrx_word' id='word_1_556' title='bbox 737 5239 780 5303; x_wconf 92' lang='lat' dir='ltr'>ibi</span> <span class='ocrx_word' id='word_1_557' title='bbox 795 5263 803 5302; x_wconf 78' lang='lat' dir='ltr'>s</span> <span class='ocrx_word' id='word_1_558' title='bbox 818 5243 856 5305; x_wconf 83' lang='lat' dir='ltr'>tle</span> <span class='ocrx_word' id='word_1_559' title='bbox 873 5262 943 5306; x_wconf 81' lang='lat' dir='ltr'>curn</span> <span class='ocrx_word' id='word_1_560' title='bbox 959 5260 980 5304; x_wconf 91' lang='lat' dir='ltr'>o</span> <span class='ocrx_word' id='word_1_561' title='bbox 994 5243 1088 5325; x_wconf 82' lang='lat' dir='ltr'>judi·</span> <span class='ocrx_word' id='word_1_562' title='bbox 1138 5245 1218 5326; x_wconf 79' lang='lat' dir='ltr'>ipsis</span> <span class='ocrx_word' id='word_1_563' title='bbox 1245 5243 1405 5314; x_wconf 78' lang='lat' dir='ltr'>Ecclesia.</span> <span class='ocrx_word' id='word_1_564' title='bbox 1420 5246 1468 5308; x_wconf 86' lang='lat' dir='ltr'>nel</span> <span class='ocrx_word' id='word_1_565' title='bbox 1492 5247 1687 5310; x_wconf 83' lang='lat' dir='ltr'>sacerdotale</span> <span class='ocrx_word' id='word_1_566' title='bbox 1717 5249 1932 5312; x_wconf 81' lang='lat' dir='ltr'>interdicatur</span> 
     </span>
     <span class='ocr_line' id='line_1_50' title="bbox 294 5341 1930 5432; baseline 0.007 -30"><span class='ocrx_word' id='word_1_567' title='bbox 294 5341 395 5415; x_wconf 80' lang='lat' dir='ltr'>silue,</span> <span class='ocrx_word' id='word_1_568' title='bbox 409 5341 458 5403; x_wconf 87' lang='lat' dir='ltr'>uel</span> <span class='ocrx_word' id='word_1_569' title='bbox 477 5342 756 5406; x_wconf 84' lang='lat' dir='ltr'>conservatoribus</span> <span class='ocrx_word' id='word_1_570' title='bbox 780 5361 799 5404; x_wconf 86' lang='lat' dir='ltr'>a</span> <span class='ocrx_word' id='word_1_571' title='bbox 822 5344 894 5407; x_wconf 84' lang='lat' dir='ltr'>sede</span> <span class='ocrx_word' id='word_1_572' title='bbox 913 5345 1088 5426; x_wconf 87' lang='lat' dir='ltr'>apostolica</span> <span class='ocrx_word' id='word_1_573' title='bbox 1137 5347 1361 5422; x_wconf 82' lang='lat' dir='ltr'>ministerium,</span> <span class='ocrx_word' id='word_1_574' title='bbox 1376 5365 1413 5410; x_wconf 86' lang='lat' dir='ltr'>aa</span> <span class='ocrx_word' id='word_1_575' title='bbox 1436 5347 1596 5412; x_wconf 85' lang='lat' dir='ltr'>deindeob</span> <span class='ocrx_word' id='word_1_576' title='bbox 1612 5350 1716 5431; x_wconf 71' lang='lat' dir='ltr'>officio</span> <span class='ocrx_word' id='word_1_577' title='bbox 1732 5351 1930 5432; x_wconf 85' lang='lat' dir='ltr'>suspendan-</span> 
     </span>
     <span class='ocr_line' id='line_1_51' title="bbox 295 5441 1933 5532; baseline 0.005 -29"><span class='ocrx_word' id='word_1_578' title='bbox 295 5441 453 5522; x_wconf 85' lang='lat' dir='ltr'>deputote&#39;e</span> <span class='ocrx_word' id='word_1_579' title='bbox 470 5451 582 5505; x_wconf 86' lang='lat' dir='ltr'>eontra</span> <span class='ocrx_word' id='word_1_580' title='bbox 602 5459 653 5504; x_wconf 88' lang='lat' dir='ltr'>eas</span> <span class='ocrx_word' id='word_1_581' title='bbox 684 5443 726 5506; x_wconf 85' lang='lat' dir='ltr'>ad</span> <span class='ocrx_word' id='word_1_582' title='bbox 747 5447 923 5509; x_wconf 84' lang='lat' dir='ltr'>coactiones</span> <span class='ocrx_word' id='word_1_583' title='bbox 950 5445 1087 5528; x_wconf 68' lang='lat' dir='ltr'>alipene,</span> <span class='ocrx_word' id='word_1_584' title='bbox 1139 5463 1211 5516; x_wconf 84' lang='lat' dir='ltr'>rur:</span> <span class='ocrx_word' id='word_1_585' title='bbox 1240 5448 1461 5529; x_wconf 78' lang='lat' dir='ltr'>subsequenter</span> <span class='ocrx_word' id='word_1_586' title='bbox 1481 5459 1672 5532; x_wconf 73' lang='lat' dir='ltr'>aggravetur</span> <span class='ocrx_word' id='word_1_587' title='bbox 1689 5469 1822 5513; x_wconf 71' lang='lat' dir='ltr'>censuere</span> <span class='ocrx_word' id='word_1_588' title='bbox 1838 5453 1933 5514; x_wconf 85' lang='lat' dir='ltr'>eccle·</span> 
     </span>
     <span class='ocr_line' id='line_1_52' title="bbox 295 5544 1930 5633; baseline 0.007 -29"><span class='ocrx_word' id='word_1_589' title='bbox 295 5545 360 5607; x_wconf 86' lang='lat' dir='ltr'>sice</span> <span class='ocrx_word' id='word_1_590' title='bbox 390 5562 494 5624; x_wconf 77' lang='lat' dir='ltr'>pareas</span> <span class='ocrx_word' id='word_1_591' title='bbox 516 5547 615 5626; x_wconf 76' lang='lat' dir='ltr'>[uerit</span> <span class='ocrx_word' id='word_1_592' title='bbox 639 5545 890 5626; x_wconf 82' lang='lat' dir='ltr'>procedendum,</span> <span class='ocrx_word' id='word_1_593' title='bbox 916 5547 1037 5628; x_wconf 63' lang='lat' dir='ltr'>modus</span> <span class='ocrx_word' id='word_1_594' title='bbox 1059 5558 1089 5611; x_wconf 90' lang='lat' dir='ltr'>et</span> <span class='ocrx_word' id='word_1_595' title='bbox 1138 5552 1268 5614; x_wconf 61' lang='lat' dir='ltr'>merea</span> <span class='ocrx_word' id='word_1_596' title='bbox 1283 5544 1395 5613; x_wconf 76' lang='lat' dir='ltr'>cantra</span> <span class='ocrx_word' id='word_1_597' title='bbox 1409 5562 1471 5613; x_wconf 77' lang='lat' dir='ltr'>soe.</span> <span class='ocrx_word' id='word_1_598' title='bbox 1486 5553 1565 5628; x_wconf 83' lang='lat' dir='ltr'>Quae</span> <span class='ocrx_word' id='word_1_599' title='bbox 1581 5553 1693 5615; x_wconf 88' lang='lat' dir='ltr'>ultima</span> <span class='ocrx_word' id='word_1_600' title='bbox 1712 5553 1930 5633; x_wconf 83' lang='lat' dir='ltr'>verbaexpo·</span> 
     </span>
     <span class='ocr_line' id='line_1_53' title="bbox 296 5643 1930 5738; baseline 0.009 -34"><span class='ocrx_word' id='word_1_601' title='bbox 296 5643 448 5705; x_wconf 81' lang='lat' dir='ltr'>modestia</span> <span class='ocrx_word' id='word_1_602' title='bbox 474 5645 509 5706; x_wconf 86' lang='lat' dir='ltr'>in</span> <span class='ocrx_word' id='word_1_603' title='bbox 535 5643 716 5727; x_wconf 72' lang='lat' dir='ltr'>hujusmodi</span> <span class='ocrx_word' id='word_1_604' title='bbox 748 5662 898 5725; x_wconf 84' lang='lat' dir='ltr'>processu</span> <span class='ocrx_word' id='word_1_605' title='bbox 929 5657 1087 5721; x_wconf 76' lang='lat' dir='ltr'>armetur:</span> <span class='ocrx_word' id='word_1_606' title='bbox 1140 5651 1352 5734; x_wconf 82' lang='lat' dir='ltr'>nopsGlossa</span> <span class='ocrx_word' id='word_1_607' title='bbox 1375 5652 1595 5738; x_wconf 84' lang='lat' dir='ltr'>inquit,Quia</span> <span class='ocrx_word' id='word_1_608' title='bbox 1618 5645 1930 5738; x_wconf 59' lang='lat' dir='ltr'>sortirenturue,</span> 
     </span>
    </p>
   </div>
   <div class='ocr_carea' id='block_1_3' title="bbox 296 5744 1945 5936">
    <p class='ocr_par' dir='ltr' id='par_1_10' title="bbox 296 5744 1945 5936">
     <span class='ocr_line' id='line_1_54' title="bbox 296 5744 1933 5842; baseline 0.005 -34"><span class='ocrx_word' id='word_1_609' title='bbox 296 5745 418 5826; x_wconf 84' lang='lat' dir='ltr'>qulbus</span> <span class='ocrx_word' id='word_1_610' title='bbox 438 5744 545 5808; x_wconf 74' lang='lat' dir='ltr'>verbis</span> <span class='ocrx_word' id='word_1_611' title='bbox 560 5746 730 5828; x_wconf 77' lang='lat' dir='ltr'>manifeste</span> <span class='ocrx_word' id='word_1_612' title='bbox 744 5747 951 5826; x_wconf 86' lang='lat' dir='ltr'>supponitur,</span> <span class='ocrx_word' id='word_1_613' title='bbox 961 5766 1090 5814; x_wconf 86' lang='lat' dir='ltr'>conser-</span> <span class='ocrx_word' id='word_1_614' title='bbox 1140 5763 1168 5814; x_wconf 88' lang='lat' dir='ltr'>el</span> <span class='ocrx_word' id='word_1_615' title='bbox 1182 5753 1408 5839; x_wconf 80' lang='lat' dir='ltr'>contumeliosa</span> <span class='ocrx_word' id='word_1_616' title='bbox 1424 5751 1525 5815; x_wconf 81' lang='lat' dir='ltr'>&#39;rerba</span> <span class='ocrx_word' id='word_1_617' title='bbox 1550 5755 1719 5842; x_wconf 83' lang='lat' dir='ltr'>episcopua</span> <span class='ocrx_word' id='word_1_618' title='bbox 1743 5757 1779 5820; x_wconf 87' lang='lat' dir='ltr'>e&#39;rt</span> <span class='ocrx_word' id='word_1_619' title='bbox 1790 5757 1933 5840; x_wconf 75' lang='lat' dir='ltr'>jreda&#39;aenr</span> 
     </span>
     <span class='ocr_line' id='line_1_55' title="bbox 297 5847 1945 5936; baseline 0.01 -31"><span class='ocrx_word' id='word_1_620' title='bbox 297 5853 422 5911; x_wconf 84' lang='lat' dir='ltr'>ratores</span> <span class='ocrx_word' id='word_1_621' title='bbox 464 5861 559 5926; x_wconf 84' lang='lat' dir='ltr'>agera</span> <span class='ocrx_word' id='word_1_622' title='bbox 589 5857 619 5914; x_wconf 87' lang='lat' dir='ltr'>ct</span> <span class='ocrx_word' id='word_1_623' title='bbox 642 5848 818 5932; x_wconf 81' lang='lat' dir='ltr'>procedere</span> <span class='ocrx_word' id='word_1_624' title='bbox 850 5865 944 5929; x_wconf 85' lang='lat' dir='ltr'>passe</span> <span class='ocrx_word' id='word_1_625' title='bbox 978 5861 1086 5917; x_wconf 84' lang='lat' dir='ltr'>cantra</span> <span class='ocrx_word' id='word_1_626' title='bbox 1138 5847 1945 5936; x_wconf 72' lang='lat' dir='ltr'>praferrvll&#39;ee&#39;n&#39;en.verb.Conservatores.art.i‚‘</span> 
     </span>
    </p>
   </div>
   <div class='ocr_carea' id='block_1_4' title="bbox 0 0 2042 6452">
    <p class='ocr_par' dir='ltr' id='par_1_11' title="bbox 0 0 2042 6452">
     <span class='ocr_line' id='line_1_56' title="bbox 0 0 2042 6452; baseline 0 0"><span class='ocrx_word' id='word_1_627' title='bbox 0 0 2042 6452; x_wconf 95' lang='lat' dir='ltr'> </span> 
     </span>
    </p>
   </div>
  </div>
 </body>
</html>
