4042 6458
287 319 342 388 sas
681 389 683 396 ,
821 317 935 386 vonis
953 316 1132 382 mnontcv
1151 317 1415 386 caueannvou.
1637 353 1640 358 -
1869 329 1915 392 aa

284 450 356 495 ram
375 429 526 508 historic,
541 429 730 512 amplissime
747 437 913 496 testantur.
933 430 984 511 (Et
1005 444 1082 490 con·
1136 429 1287 496 Romanae
1319 431 1540 518 universitatis
1577 450 1648 500 essa
1680 437 1914 506 archicancolla-

285 533 486 597 firmaturos
506 538 572 596 toto
591 531 639 598 tit.
661 534 706 596 lte
718 532 898 615 llfapistris,
912 530 1081 604 dicernat,
1135 529 1231 603 rium,
1247 531 1302 608 qui
1318 533 1585 598 tituluscollatus
1599 540 1648 598 est
1659 538 1812 602 cardinali
1824 557 1915 606 eamc-

287 639 365 705 elc.,
377 640 408 696 ct
424 632 603 712 prasertim
624 650 663 697 cx
678 649 747 715 cap.
763 632 841 700 Cam
860 631 1080 708 destoneles,
1132 630 1237 706 rarior
1260 639 1290 696 et
1306 633 1534 698 cancellarium
1554 636 1803 702 universitatum
1821 643 1916 706 mino·

182 807 185 814 Ι
261 731 574 814 ,Βορνίυἰὶερίἰείη
592 734 637 813 6.)
1131 751 1204 797 rum
1234 753 1307 802 esse
1338 739 1618 821 archiepiscopum
1656 742 1706 806 vel
1735 743 1914 824 episcopum

324 834 367 896 fl.
392 834 423 898 Si
449 835 645 900 universitas
670 835 712 899 sit
738 833 903 900 funvlauda
927 833 1080 898 arbonis
1132 834 1281 902 civitatis.
1318 839 1625 920 Arabicancellurii,
1661 849 1693 908 ct
1733 847 1911 912 cancellarii

286 933 526 1012 ecclesiasticis,
538 940 593 1000 sut
611 953 652 1000 ex
669 934 916 1000 liberalitatibus
931 933 1077 1016 privatis,
1131 935 1254 1012 optimo
1286 938 1533 1016 universitatum
1560 941 1709 1020 regimini
1735 944 1913 1024 advigilent,

286 1033 374 1098 nrvlla
391 1034 453 1099 alia
469 1037 645 1103 auctoritas
659 1054 756 1118 quam
776 1037 894 1102 summi
917 1034 1076 1118 pontilicis
1131 1041 1163 1097 et
1180 1034 1256 1099 dant
1282 1052 1412 1116 opernm
1430 1039 1727 1106 utconstitutiones
1750 1050 1782 1106 ct
1807 1046 1916 1124 raguta

285 1135 476 1216 requiritur.
1129 1143 1310 1200 serventur.
1338 1137 1465 1202 Habent
1478 1139 1741 1220 jurisdictionem
1771 1144 1800 1206 ri
1831 1146 1913 1226 cujus

326 1233 385 1296 ΙΙΙ.
402 1235 433 1298 Si
448 1240 555 1300 autam
580 1236 791 1312 universitas,
811 1238 906 1302 etiam
927 1235 1078 1302 ecclcsia-
1129 1240 1267 1315 possunt
1285 1236 1541 1302 anivnadvertcrc
1555 1238 1589 1301 in
1600 1255 1656 1303 eos
1672 1241 1728 1321 qui
1742 1241 1825 1306 intra
1841 1242 1912 1308 tinas

283 1332 374 1408 stica,
400 1333 441 1397 sit
468 1333 633 1402 fundanda
657 1355 697 1402 ex
722 1338 816 1402 bonis
843 1336 993 1410 civitatis,
1019 1343 1077 1399 aut
1128 1333 1376 1400 universitatum
1393 1335 1510 1402 delicta
1528 1340 1765 1404 commiserint.
1779 1342 1914 1410 Presunt

285 1435 428 1498 ornanda
450 1436 626 1517 privilegiis
641 1439 806 1515 civilibus,
823 1441 870 1502 uti
897 1438 1071 1519 plurimum
1128 1437 1279 1501 electioni
1315 1437 1553 1518 professorum,
1595 1440 1732 1520 publiea
1767 1441 1913 1520 graduum

283 1534 330 1605 fvt.
350 1535 785 1616 tuncrequiriturauctoritas
802 1538 955 1619 principis
971 1555 1075 1602 stecu·
1127 1535 1567 1610 academicoromcollationi,
1586 1555 1622 1601 ac
1640 1539 1845 1619 premiorum
1859 1541 1915 1602 dis·

282 1635 1076 1720 laris,ctdefactoclimsingulccfereuniversi·
1126 1634 1311 1700 tributioni.
1340 1638 1456 1702 Praetor
1500 1638 1822 1704 archicancellarium
1864 1659 1913 1706 sau

207 1788 217 1806 .
283 1738 928 1815 vatesconsenanautanatoritataetiam
949 1737 1078 1819 princi·
1126 1736 1368 1815 cavvcellarium,
1387 1736 1516 1822 exsistit
1538 1738 1572 1802 in
1588 1740 1727 1820 singulis
1764 1741 1914 1806 universi·

284 1836 334 1914 pis
363 1834 491 1901 fuerant
525 1838 693 1904 institutae.
723 1841 763 1902 Et
794 1840 999 1906 confirmatur
1027 1857 1069 1907 ex
1126 1835 1244 1899 letibus
1263 1843 1378 1908 tector.
1406 1839 1500 1920 cujus
1524 1855 1645 1902 munus
1674 1845 1723 1904 cst
1755 1839 1912 1908 vidarana

282 1933 428 2000 Trident.
443 1951 525 2000 sess.
542 1937 629 2016 5,οι
647 1939 775 2020 reform.
792 1955 821 2004 c.
835 1939 865 2003 f.
916 1991 920 1998 .
1125 1933 1297 2016 disciplina
1325 1955 1343 2000 a
1370 1936 1621 2018 professoribus,
1645 1939 1868 2016 auditoribus,
1886 1951 1913 2005 ct

372 2067 386 2144 Β
407 2067 454 2127 Π.
469 2099 507 2114 -
519 2069 561 2128 De,
574 2071 787 2129 mmmmm
806 2071 940 2148 regmine
954 2081 983 2131 ,ι
1124 2032 1255 2100 famulis
1270 2037 1423 2112 tenenda,
1441 2037 1599 2115 violetur3
1614 2037 1912 2104 calendariumarmi

579 2143 788 2204 constitutione.
1124 2134 1307 2200 scholastici
1339 2137 1480 2211 conficit.
1503 2154 1539 2201 ao
1560 2138 1809 2217 praelectinnum
1829 2139 1912 2203 boras

224 2243 228 2250 '
319 2244 503 2328 LSillguioe
521 2247 1074 2327 unioersilaiqssuaperplurium.
1124 2236 1358 2300 convenienter
1377 2236 1577 2301 disil'ibtlflt'o
1602 2238 1698 2300 debiti
1718 2245 1755 2301 ut
1785 2237 1910 2318 quilibet

281 2353 346 2412 rusa
367 2348 485 2413 arbem
501 2368 510 2411 2
528 2351 674 2431 rjandam
698 2356 803 2415 rumen
820 2358 897 2416 rum
920 2353 1072 2417 omnibu,
1124 2334 1310 2398 auditorum
1330 2336 1433 2399 valeat
1462 2335 1528 2399 illis
1554 2335 1823 2415 protectionibus
1843 2337 1911 2400 inte-

244 2437 251 2460 ¹
280 2448 486 2525 communia,
518 2451 558 2514 de
592 2450 713 2532 quibus
747 2455 869 2515 tantum
897 2450 1072 2516 dicendum
1123 2451 1212 2498 ¹⁰⁸⁵⁰
1243 2453 1316 2518 flu&
1342 2435 1406 2517 iffi
1442 2437 1694 2519 ΙηῶῧῦΐῑῧῠῐῑῑῑῑΓ
1727 2438 1771 2500 ld
1804 2439 1910 2518 ilidii

279 2553 340 2609 cst.
1124 2535 1354 2615 capessendos.
1371 2535 1513 2600 Primum
1533 2536 1639 2600 locum
1663 2537 1793 2601 obtinet
1818 2549 1910 2604 rector

318 2646 360 2713 11,
389 2648 425 2710 ln
445 2648 559 2728 quavis
581 2648 792 2715 universitate
807 2650 979 2732 compieta,
994 2659 1072 2718 gunt
1123 2641 1195 2715 posi
1222 2635 1462 2710 cancellarium.
1490 2642 1521 2699 et
1548 2637 1576 2698 si
1598 2637 1813 2701 concellarius
1837 2642 1909 2703 dbsif

281 2744 390 2824 plures
403 2745 571 2812 facultates
592 2765 665 2829 quaa
690 2750 786 2812 etiarn
803 2749 955 2813 dicuntur
972 2750 1072 2814 00110.
1123 2740 1178 2798 aut
1194 2734 1398 2815 impediatur,
1416 2737 1501 2799 vices
1524 2734 1613 2799 illius
1625 2737 1705 2815 gerit
1719 2755 1796 2800 aum
1809 2739 1907 2802 cadom

279 2838 331 2918 gia
348 2859 358 2903 a
378 2839 511 2908 facultas
526 2841 713 2925 theotapica,
729 2843 864 2907 facultas
874 2845 962 2925 iaris
978 2863 1072 2908 rana.
1124 2835 1324 2898 auctoritate.
1343 2857 1358 2893 a

278 2941 346 3005 atat
359 2950 387 3004 ar
408 2941 513 3006 oscito
531 2959 591 3007 aaa
608 2942 782 3022 collegium
800 2941 914 3022 vanata,
938 2943 1071 3008 taratara
1161 2934 1216 2998 ll·
1233 2956 1248 2992 a
1263 2935 1449 3017 Unicuique
1469 2935 1611 3020 roaoltap
1630 2946 1746 3018 praesa
1764 2938 1907 3014 carran«,

277 3037 498 3122 philosophie,
526 3039 660 3106 facultas
703 3041 901 3118 litterarum,
934 3043 1071 3110 facultas
1122 3035 1267 3115 quicum
1286 3052 1353 3098 ⁵¹¹&
1373 3036 1701 3120 sflssllstlfissfflnissiflr
1722 3046 1825 3118 atqua
1844 3059 1907 3104 Set·
1993 3077 1994 3086 ¹

278 3138 618 3222 mpdippwhiruffloe,
648 3148 681 3206 οἱ
708 3139 842 3206 facultas
868 3143 1072 3208 scientiarum
1123 3133 1202 3197 Vbiis
1219 3134 1341 3214 fi’ssllhis
1364 3136 1551 3200 constitutis
1569 3154 1604 3201 Ed
1621 3137 1856 3220 providetque)
1873 3141 1905 3204 dd

279 3235 447 3302 matheseos
470 3247 499 3301 ct
526 3239 674 3320 physico.
702 3237 832 3320 Singula
856 3240 1071 3320 collegissem
1122 3231 1278 3314 regimen,
1295 3233 1408 3309 decus,
1430 3241 1526 3319 liquo
1547 3235 1796 3316 prosperitatem
1814 3239 1906 3304 hool-

278 3337 447 3402 faootratas
474 3338 592 3403 babent
611 3343 657 3403 vot
676 3341 842 3404 malaurae
867 3349 947 3422 quot
971 3344 1070 3409 nortis
1122 3335 1196 3398 tatis
1221 3333 1414 3398 conducant.
1432 3333 1553 3416 scopos
1579 3342 1610 3399 cr
1626 3335 1769 3400 officium
1792 3340 1904 3419 cottcait

281 3437 425 3515 partibus
444 3438 591 3519 ejusdem
606 3437 754 3502 scientias
769 3438 917 3503 subicere
932 3441 1068 3520 possint.
1121 3440 1170 3497 ost
1195 3440 1348 3516 presteras
1373 3434 1522 3499 examina
1548 3435 1679 3512 habere,
1706 3424 1738 3500 et
1764 3439 1905 3518 suffragia

279 3533 317 3600 V.
349 3554 397 3617 gr.
416 3537 550 3603 facultas
567 3536 744 3618 theologica
760 3538 984 3618 complectitur
997 3546 1070 3604 stu·
1120 3531 1204 3598 ferre
1229 3535 1263 3598 in
1279 3534 1458 3615 deligendis
1473 3537 1739 3614 professoribus,
1759 3546 1794 3601 et
1816 3541 1903 3602 culla-

277 3639 370 3702 dium
390 3637 574 3719 philologiae
597 3657 707 3717 sacrae,
729 3638 912 3702 divinarum
928 3639 1071 3720 Scriptu-
1122 3633 1210 3699 tione
1230 3635 1425 3711 laurearum,
1444 3637 1648 3719 aliorumque
1663 3639 1823 3718 graduum
1840 3660 1903 3704 aca-
1991 3713 1992 3716 Ἴ

277 3753 403 3814 rarum,
437 3737 606 3820 theologiae
640 3737 827 3819 dogmaticas
856 3744 889 3802 et
925 3738 1067 3815 moralis,
1120 3731 1330 3798 demicorum.
1356 3737 1458 3800 Nemo
1491 3739 1524 3800 in
1557 3739 1695 3820 collegio
1726 3739 1901 3804 facultatum
1991 3719 1992 3746 ³

277 3839 428 3920 liturgia,
454 3841 636 3907 traditionis
663 3842 716 3905 SS.
744 3843 892 3917 Petrum,
925 3839 1069 3906 historia
1119 3834 1310 3900 adsciscitur
1342 3838 1406 3900 nisi
1442 3853 1568 3914 morum
1603 3841 1789 3920 integritate
1822 3860 1901 3905 covu-

275 3937 542 4004 ecelesiasticva...
1120 3935 1301 4010 mandetur,
1321 3945 1353 4001 ct
1367 3936 1401 4000 in
1421 3937 1527 4020 aliqua
1544 3939 1671 4019 publica
1700 3943 1900 4006 universitate
1990 3955 1991 3962 ’

316 4041 426 4104 ilLin
455 4039 593 4118 singuiis
623 4038 890 4106 universitatibus
920 4039 1067 4106 inveniro
1118 4033 1257 4098 doctoris
1274 4033 1379 4100 hauteu
1401 4036 1546 4116 ejusdem
1562 4037 1725 4103 facultatis
1739 4048 1927 4106 εὶεεθιῖυῑυει

275 4147 324 4203 est
335 4138 468 4219 aliquod
484 4138 628 4218 regimen
641 4146 671 4201 et
683 4138 1065 4220 consequenteraliquem
1118 4148 1183 4197 non
1199 4133 1252 4200 sit.
1271 4157 1286 4194 s

196 4268 199 4274 ·
274 4241 431 4300 rectorem
449 4239 506 4317 qul
530 4237 628 4319 liujus
650 4237 819 4314 regiminis
849 4237 1064 4318 principatum
1156 4235 1195 4297 V.
1216 4258 1231 4293 o
1253 4235 1454 4300 Professores
1475 4239 1692 4304 communiter
1717 4240 1899 4320 deligantur

275 4345 393 4410 vannat,
420 4341 544 4420 quique
561 4340 751 4419 regulariter
768 4356 859 4404 suam
877 4343 1063 4405 canonicam
1117 4349 1174 4414 per
1188 4351 1395 4414 corrcnrsum,
1414 4338 1503 4418 prius
1518 4339 1659 4402 exhibita
1683 4341 1744 4404 lide
1764 4342 1898 4406 scientia
1989 4351 1990 4374 ¹

273 4441 510 4506 institutionem
534 4459 552 4505 a
576 4449 684 4506 saneta
701 4441 779 4506 sede
793 4441 933 4506 obtinet.
949 4443 1066 4506 Praeter
1117 4444 1149 4502 ct
1165 4453 1303 4515 morum,
1320 4438 1475 4503 intereos
1491 4440 1546 4518 qui
1561 4440 1666 4504 laurea
1682 4441 1833 4505 doctorali
1846 4443 1896 4505 do·

274 4547 514 4607 rectoramsunt
529 4542 560 4604 in
572 4540 841 4606 universitatibus
860 4541 1063 4623 allijudices,
1117 4539 1183 4600 nati
1199 4545 1277 4602 sunt
1296 4541 1328 4601 in
1350 4555 1387 4603 ea
1402 4539 1573 4620 disciplina
1591 4557 1687 4621 quam
1704 4543 1826 4608 tradere
1845 4545 1895 4607 de·
1988 4611 1989 4622 ,

273 4643 323 4708 val
341 4640 505 4717 officiales,
522 4643 641 4722 quibus
671 4641 809 4723 singolis
824 4640 932 4723 aliqua
955 4650 1065 4708 aucto·
1114 4637 1205 4702 bant.
1224 4637 1423 4702 Professores
1449 4643 1599 4703 tenentur
1623 4641 1662 4703 ad
1686 4645 1895 4723 prescriptum
1988 4629 1989 4660 *

272 4744 363 4820 ritas,
378 4743 426 4806 rcl
441 4742 581 4808 allicium
597 4743 771 4824 gerendum
784 4741 951 4806 incumbit.
963 4743 1063 4809 Porro
1087 4805 1097 4860 ὲ
1115 4737 1354 4806 constitutionis
1369 4739 1416 4802 Pii
1432 4739 1487 4813 lv,
1504 4729 1894 4815 dalani.1sot,omtttcra

272 4841 403 4908 difficile
431 4851 481 4906 ast
509 4842 632 4923 aliquid
659 4843 700 4908 de
729 4842 780 4905 bis
808 4857 1001 4919 commune,
1031 4852 1062 4909 ct
1086 4923 1091 4930 ⁶
1116 4841 1276 4920 publicam
1300 4839 1529 4920 professionem
1543 4841 1634 4917 iidei;
1650 4859 1716 4919 quo
1731 4845 1815 4907 enim
1830 4863 1892 4908 cer·

274 4945 503 5010 universaliter
522 4944 673 5008 obtinens
700 4943 825 5020 dicere,
848 4941 924 5024 quia
946 4941 1062 5008 borum
1119 4941 1186 5004 tius
1206 4941 1357 5006 Ecclesia
1381 4947 1505 5006 constet
1532 4941 1604 5004 fvdei
1629 4943 1800 5021 puritatem
1820 4946 1892 5007 intc-
1987 4941 1988 4950 ’

272 5044 661 5128 officia,quinctnomina
676 5045 886 5126 prodiversis
901 5045 1061 5110 universi·
1118 5057 1206 5120 gram
1235 5042 1392 5108 custodiri
1430 5043 1464 5104 in
1488 5040 1660 5117 scientiis,
1683 5043 1891 5124 doctrinisque

273 5145 393 5212 tatibus
408 5143 543 5210 variant.
1113 5143 1315 5224 quibuslibet
1344 5149 1410 5208 tum
1431 5142 1612 5215 tradendis,
1638 5149 1705 5206 tum
1731 5145 1891 5208 addiscen-

312 5267 328 5306 ι
357 5245 461 5310 causa
494 5243 633 5325 exempli
666 5243 804 5309 citemus
835 5244 1063 5310 universitates
1113 5243 1175 5320 dis,
1202 5242 1344 5312 decrevit
1368 5244 1403 5310 in
1426 5244 1485 5309 bac
1509 5243 1646 5309 solemni
1670 5245 1890 5348 constitutipnc

270 5348 463 5414 constitutas
489 5347 525 5411 in
554 5347 677 5411 ditione
710 5345 877 5426 temporati
905 5346 937 5408 S.
957 5344 1060 5422 Sedis,
1112 5344 1186 5409 Pius
1203 5346 1259 5419 lv,
1273 5345 1359 5426 quod
1376 5344 1527 5424 deinceps
1548 5345 1660 5408 nullus
1675 5344 1805 5420 doctor,
1828 5362 1887 5406 ma·

270 5449 383 5532 quales
396 5446 557 5514 ordinavit
571 5449 635 5512 Leo
650 5447 712 5511 llll
723 5463 780 5528 per
794 5446 916 5510 litteras
932 5453 1061 5526 aposto·
1111 5444 1221 5525 gister,
1245 5463 1372 5527 regens,
1395 5445 1446 5509 vel
1473 5445 1558 5509 alius
1580 5446 1803 5526 cuiuscunque
1819 5444 1887 5506 artis

261 5552 347 5615 ficas
362 5549 454 5628 Quod
464 5548 572 5612 atotaa
582 5549 749 5630 sapientia,
769 5565 820 5612 aa.
841 5547 931 5612 test.
947 5547 1058 5624 Porro,
1111 5552 1142 5611 el
1162 5545 1323 5612 facultatis
1347 5544 1528 5627 professor,
1549 5545 1619 5608 siva
1642 5545 1798 5620 clericus,
1827 5543 1886 5606 sive

269 5649 478 5717 distinctione
495 5649 577 5714 facta
599 5649 685 5728 inter
699 5647 867 5730 primarias
890 5655 922 5712 et
937 5663 1056 5712 secun·
1109 5633 1225 5726 ialam,
1249 5647 1299 5714 val
1318 5647 1463 5731 cujusvis
1478 5646 1600 5712 ordinis
1618 5645 1774 5728 regularis
1790 5645 1839 5714 sit,
1855 5657 1883 5704 vn

269 5747 374 5816 dartas
411 5749 661 5824 universitates.
697 5745 848 5813 statuitur
886 5747 1057 5826 presidem
1112 5749 1283 5826 quibusvis
1311 5747 1494 5844 studiorum
1513 5747 1710 5829 pancratium
1734 5745 1884 5810 unirern·
