4046 6460
103 385 157 450 257

104 493 307 578 regularium
329 508 386 570 pro
402 499 488 554 certo
504 492 679 554 tenendam
695 491 830 554 omniuo
846 491 895 550 ri·

103 601 212 661 detur.
228 596 286 660 Cui
303 589 705 674 ceteroquinccnclasioni
725 607 898 655 consonam

103 697 319 769 decisionem,
337 693 442 773 quood
460 707 569 754 cesum
594 691 737 772 aliquem
760 689 899 770 partica·

103 795 219 866 larem,
248 793 288 855 ab
320 793 405 855 llrbc
441 787 526 853 hand
561 792 685 870 pridem
714 790 896 872 expeditam

104 909 272 956 resersus

398 1045 516 1103 CAPUT
534 1044 607 1102 tlt.

103 1161 144 1215 De
161 1157 408 1231 conpreputIoru'bsr
423 1158 538 1210 uirorum
553 1157 619 1210 rotis
631 1154 788 1212 solemnibus
806 1170 899 1210 sacerr-

294 1231 373 1294 tirnn,
391 1227 498 1282 relatis-e
513 1228 548 1281 ad
567 1229 711 1298 episcopor.

103 1353 119 1426 ᾗ
143 1353 211 1408 1.-
227 1353 263 1410 lle
277 1353 536 1433 congregationibus
545 1369 578 1434 cn
590 1355 646 1410 sola
656 1352 788 1410 ordinarii
802 1360 897 1408 aucto·

402 1433 482 1478 relate
495 1432 607 1478 dicebis.

141 1553 176 1614 Si
192 1548 401 1628 congregatio
421 1548 518 1612 luerit
534 1549 601 1612 sola
617 1551 761 1630 episcopi
785 1561 897 1614 aucto-

104 1648 201 1710 ritate
213 1657 330 1720 erecta,
354 1655 385 1710 et
402 1648 547 1728 ejusdem
571 1650 821 1714 constitutiones
837 1651 897 1712 ali·

104 1767 190 1830 quas
209 1749 244 1810 in
266 1749 327 1810 s'ao
350 1749 507 1826 regimine
527 1756 631 1828 partes
657 1753 811 1832 episcopo
836 1753 895 1814 tri-

106 1846 412 1928 buerent3tnncJus
428 1849 745 1928 lieberetepiseopus
763 1850 794 1912 in
811 1851 897 1912 dicto

104 1947 266 2027 regimine
280 1945 533 2022 interveniendi,
552 1949 693 2012 eomodo
709 1967 806 2031 quem
820 1966 897 2014 con·

102 2047 296 2110 stitutiones
309 2045 538 2125 exprimerent.

103 2187 119 2264 5
140 2191 176 2246 ll.
186 2221 220 2231 -
232 2188 270 2245 ilc
281 2189 546 2262 congregationibus,
557 2205 671 2260 atterant
683 2191 896 2248 constitutiones

224 2275 241 2317 a
253 2260 318 2316 sede
334 2254 484 2332 apostolice
498 2263 655 2333 approbate
665 2262 778 2320 luerint.

144 2396 259 2471 Quoad
273 2395 372 2458 dictes
390 2397 656 2477 congregationes
668 2399 893 2479 applicandum

103 2497 196 2559 ceuit
222 2496 308 2575 quod
329 2493 390 2558 luit
417 2498 596 2560 resolutum
614 2515 671 2579 pro
688 2499 893 2562 Orator-inuis

102 2591 275 2656 incelebri
297 2593 463 2656 decisione
488 2611 505 2656 n
530 2596 703 2659 Benedicta
724 2599 799 2659 xlv
816 2615 895 2660 cun-

104 2695 246 2770 srrnieta‚
264 2693 393 2759 constit.
408 2695 787 2770 Erannos-iubilanuarii
806 2701 892 2763 ¹758.

103 2791 191 2856 Iiinc
207 2794 356 2874 seqnitur
373 2813 381 2854 r

145 2895 172 2955 t.
187 2894 286 2956 ltietae
300 2893 566 2974 congregationes
577 2897 729 2976 episcopo
741 2915 805 2961 non
819 2905 894 2962 sunt

104 2989 261 3069 subjectus
283 2992 389 3071 quood
419 2993 562 3073 Ipsarum
584 2999 846 3072 conmutationes,
876 3016 892 3060 a

103 3093 184 3153 sede
204 3091 379 3171 spostolico
401 3094 611 3171 approbatas3
630 3113 700 3158 iram
722 3097 754 3158 in
769 3097 893 3176 praelata

103 3191 353 3265 constitutione,
367 3191 591 3254 «iiddubiuml
606 3213 614 3252 τ
628 3202 674 3257 dn
688 3199 893 3277 congregatio

102 3291 146 3352 sit
173 3293 360 3354 omnimodo
386 3291 530 3372 sabjecta
550 3297 820 3358 reverendissimo
845 3317 894 3358 ar·

101 3391 325 3469 cbiepiscopo,
341 3392 375 3454 in
392 3394 499 3468 modo,
521 3394 635 3466 forma,
658 3399 844 3474 assumptis,
863 3407 893 3457 et

104 3492 272 3554 meteriis?
289 3516 303 3549 s
319 3527 358 3537 -
377 3509 567 3571 responsam
595 3505 643 3557 est
661 3513 668 3558 :
683 3497 720 3558 ed
740 3499 890 3575 primunr.

101 3592 303 3672 affirmatius,
315 3601 446 3672 excepto
458 3595 527 3674 ejus
538 3597 698 3672 instituto,
713 3597 781 3661 sire
796 3598 836 3659 iis
853 3601 891 3660 de

103 3693 226 3771 quibus
248 3693 420 3773 loquentur
440 3697 689 3759 constitutiones
713 3714 890 3779 congrega·

103 3787 218 3850 tionis.

144 3907 160 3943 e
182 3888 247 3948 lico
260 3885 331 3966 ipso
347 3891 432 3950 eninr
445 3891 529 3970 qrtod
547 3893 690 3972 pontifex
707 3895 891 3960 institutum

101 3987 277 4064 approbet,
315 3991 382 4049 cult
410 3996 693 4070 congregeticncm
732 4014 805 4058 enm
834 3998 892 4061 bac

102 4086 891 4178 institutitormaposseexsistere.c0aseqaenter

102 4186 194 4246 nulle
210 4189 393 4264 auctoritas,
420 4193 580 4270 pontificis
597 4194 742 4272 interior,
756 4199 829 4279 jure
844 4201 891 4264 sic

101 4289 297 4362 exsistendi,
311 4307 368 4351 sen
384 4294 631 4359 constitutiones
654 4309 747 4377 prout
772 4317 890 4380 appro-

100 4387 184 4450 batm
195 4397 270 4452 sunt
283 4392 457 4468 retinendi,
471 4399 751 4478 congregationem
763 4403 890 4481 privare

99 4495 219 4568 polest.

141 4611 158 4648 ι
174 4591 347 4655 Conclusio
359 4603 465 4658 autem
481 4614 551 4660 rera
568 4609 721 4676 remanet,
733 4604 803 4666 sire
814 4621 890 4668 con-

99 4694 248 4771 gregatio
272 4703 342 4756 rota
369 4707 522 4776 perpetua
551 4699 662 4763 hebeat
685 4711 716 4766 et
744 4705 889 4784 religiosi

99 4794 206 4848 status
227 4791 411 4863 essentiam,
444 4793 513 4856 sive
532 4794 646 4859 hebeat
671 4807 794 4864 tantum
817 4812 889 4867 vota

98 4888 306 4963 tempor-uria,
325 4889 373 4952 vel
388 4892 490 4957 nolle.

140 4985 257 5048 cilina
276 4992 386 5069 nequit
403 4995 576 5072 episcopus
606 4989 703 5060 allent
735 4999 887 5067 Immatu-

98 5087 224 5148 tionem
255 5088 287 5151 ln
314 5090 477 5171 ejusmodi
498 5099 779 5180 congregationem
807 5121 885 5168 con·

97 5187 326 5250 stitutionibus
358 5192 533 5258 decernere
550 5207 604 5260 aut
620 5202 760 5281 exigere.
785 5227 800 5262 s
829 5207 887 5288 (itu

99 5288 264 5362 It.llonrx‚
284 5289 325 5351 lle
333 5291 409 5372 jure
423 5296 525 5373 repul.
539 5305 615 5362 torn.
628 5301 669 5375 il,
687 5319 717 5380 p.
732 5304 817 5385 378.)

140 5389 180 5450 ΙΙ.
201 5389 298 5452 Dicte
311 5397 578 5474 congregationes
600 5403 640 5463 eb
655 5403 808 5484 episcopo
823 5407 885 5469 de·

338 383 436 446 Ritus·
452 382 508 442 III.
531 382 579 442 DE
598 379 843 445 censoriis-
861 378 924 442 tlte
951 380 1033 444 VIII.
1054 381 1103 442 tte
1124 383 1410 462 tticutttttttutJS,
1430 385 1510 446 stc,

1684 387 1739 452 258

953 492 1095 571 modion
1110 501 1141 556 et
1157 495 1190 556 in
1206 492 1459 557 alienationibus
1476 491 1596 557 coloris
1609 494 1737 567 modici,

951 590 1031 672 ipsis
1047 595 1229 659 necessaritr
1245 601 1294 658 est
1311 595 1457 676 episcopi
1474 593 1616 658 ilcentie.

987 727 1044 792 ΙΙΙ.
1059 730 1197 808 Reliqua
1216 745 1292 792 cero
1307 728 1354 792 rei
1381 731 1569 809 temporetis
1599 729 1739 793 admini-
1763 713 1766 722 ’

949 829 1061 891 stretio
1075 845 1175 908 penes
1193 828 1293 908 ipsam
1307 831 1586 910 congregationem
1603 831 1737 894 omnino

947 935 1104 1000 retrienet,
1132 927 1255 1006 absque
1284 929 1349 991 ulla
1373 929 1588 1008 abepiscopo
1615 930 1738 1010 depen-

948 1025 1069 1090 dentin.
1085 1029 1238 1090 Pretereu
1253 1027 1292 1090 ab
1307 1029 1460 1108 episcopo
1476 1047 1540 1091 tran
1553 1030 1737 1110 dependent

947 1128 1053 1204 quoad
1086 1125 1306 1189 membrorum
1337 1127 1567 1204 admissiones,
1602 1146 1734 1192 eornnr-

948 1224 1020 1286 dem
1040 1225 1263 1302 expulsiones,
1285 1226 1493 1306 superiorum
1511 1228 1688 1292 electiones
1704 1239 1736 1292 et

948 1324 985 1384 ad
1005 1323 1067 1386 alia
1083 1321 1185 1386 officia
1202 1325 1462 1404 congregationis
1485 1327 1733 1389 nominationes.

948 1423 1022 1484 Heec
1037 1423 1146 1485 omnia
1166 1421 1278 1496 ¹decise
1301 1428 1378 1484 sunt
1403 1425 1509 1504 quoad
1530 1424 1736 1487 Orutorienus

948 1521 982 1585 in
999 1523 1082 1586 dicta
1114 1523 1405 1598 const.Enranaoit,
1423 1523 1480 1592 ibi,
1493 1521 1541 1586 Ad
1553 1521 1680 1585 dubiam
1694 1521 1733 1583 le:

948 1626 997 1688 dn
1036 1623 1208 1686 interiores
1241 1624 1446 1686 mconornicte
1475 1623 1734 1704 congregationis

948 1726 1054 1804 quood
1092 1741 1252 1804 expensos
1277 1734 1308 1786 et
1331 1733 1490 1802 compute,
1507 1741 1566 1786 nee
1583 1733 1648 1786 non
1665 1722 1735 1788 cle·

948 1825 1072 1888 stiones
1099 1827 1357 1904 prepositorum,
1392 1823 1643 1900 nominationes,
1681 1823 1735 1885 ed-

949 1923 1123 1987 missiones
1149 1931 1179 1984 et
1207 1923 1418 2002 expulsiones
1451 1921 1733 2002 presbyterorum,

947 2022 1012 2085 sint
1037 2021 1257 2085 subordinate
1281 2021 1453 2085 directioni
1474 2017 1736 2101 archiepiscopi?

947 2159 986 2169 -
999 2127 1202 2204 Responsum
1216 2129 1265 2186 est
1282 2145 1290 2185 r
1305 2123 1353 2186 ltd
1370 2129 1521 2205 quartum
1544 2124 1685 2203 nepotis-e
1702 2124 1736 2184 in

951 2224 1104 2288 omuibus.

985 2350 1039 2412 1v.
1073 2348 1209 2423 Quando
1238 2346 1273 2412 in
1313 2345 1400 2410 bisce
1430 2344 1734 2427 congregationibus

947 2447 1050 2508 oritur
1082 2445 1247 2508 eontentio
1280 2446 1320 2508 de
1349 2445 1491 2524 legitima
1525 2445 1733 2524 superiorum

947 2545 1117 2614 electione.
1134 2545 1307 2624 episcopus
1323 2552 1372 2609 est
1382 2546 1484 2625 iudex
1500 2547 1733 2624 competensad

946 2663 1073 2708 reusam
1094 2645 1323 2718 dirimendam,
1347 2645 1376 2706 si
1401 2645 1518 2707 electio
1539 2644 1619 2708 lacta
1635 2644 1734 2708 luerit

946 2747 979 2808 iu
994 2753 1026 2808 et
1042 2761 1098 2824 pro
1124 2762 1183 2806 sua
1205 2742 1369 2808 direcesia
1393 2745 1610 2808 residentibus
1632 2747 1666 2808 ia
1682 2763 1735 2810 eu-

947 2847 1036 2922 dem3
1056 2845 1171 2926 nequit
1188 2852 1293 2910 temen
1308 2846 1481 2924 procedere
1497 2847 1585 2910 curie
1602 2847 1731 2927 episoo·

946 2945 1039 3023 pelis,
1059 2946 1122 3006 nisi
1138 2945 1176 3008 ad
1193 2945 1299 3024 ipsius
1314 2945 1453 3008 tribnnsl
1471 2964 1489 3008 a
1504 2947 1729 3028 congregatio-

945 3045 995 3105 nis
1016 3045 1158 3106 membro
1175 3043 1402 3122 aliquodelata
1424 3041 1522 3108 luerit
1544 3063 1651 3109 ceusu.
1675 3049 1730 3108 nt-

945 3152 1050 3204 tamen
1062 3143 1154 3206 dictee
1167 3143 1431 3224 congregationes
1444 3146 1482 3207 ab
1499 3145 1651 3226 episcopo
1668 3163 1731 3209 non

944 3247 1129 3322 dependent
1157 3247 1263 3326 quoad
1299 3248 1569 3313 constitutionum
1599 3267 1731 3315 suerunt

945 3347 1193 3410 observantium.
1225 3351 1266 3410 lta
1292 3349 1481 3428 peremnia
1510 3351 1655 3416 decisum
1684 3363 1732 3416 est

944 3449 1049 3528 rruoed
1077 3448 1284 3514 Oratorianos
1316 3451 1456 3514 Limenes
1474 3452 1730 3527 erchidioecesisr

943 3556 1045 3611 const.
1061 3550 1244 3624 emanarit,
1263 3549 1306 3612 ibi
1327 3567 1334 3610 :
1352 3551 1402 3611 Ad
1425 3550 1555 3614 dubium
1576 3557 1619 3616 7:
1648 3579 1663 3612 r
1683 3557 1730 3617 du

943 3649 1206 3730 archiepiscopus
1219 3649 1262 3712 sit
1272 3652 1375 3731 juder
1390 3663 1575 3734 competens
1589 3657 1623 3719 in
1636 3674 1731 3721 caasa

943 3750 1107 3813 nullitatis
1140 3750 1310 3814 electionis
1337 3754 1374 3816 ed
1412 3757 1664 3836 praeposituram.
1700 3769 1730 3824 et

945 3858 1110 3930 promotor
1131 3849 1249 3912 fiscnlis
1274 3850 1313 3912 de
1337 3867 1373 3914 ee
1391 3851 1467 3932 jare
1490 3871 1584 3936 agere
1607 3855 1730 3930 releet;

944 3959 1038 4032 prout
1050 3951 1145 4013 etiam
1165 3966 1222 4029 pro
1236 3950 1438 4016 observantia
1454 3956 1598 4018 omnium
1613 3962 1731 4021 consti·

944 4051 1163 4114 tutionumt»
1184 4085 1221 4096 -
1238 4051 1442 4131 Responsum
1459 4063 1530 4118 est:
1551 4079 1565 4114 r
1583 4059 1632 4120 tta
1653 4077 1728 4138 sep-

944 4155 1072 4228 timum,
1094 4153 1279 4231 affirmative
1296 4153 1401 4232 quoad
1428 4157 1561 4233 primam
1588 4167 1729 4236 [uertente

943 4255 1048 4335 quoad
1078 4270 1155 4317 vero
1177 4256 1364 4328 secundam,
1401 4265 1616 4333 promotorem
1640 4262 1731 4325 bsce-

943 4355 1005 4418 lcm
1024 4372 1119 4432 agere
1144 4372 1207 4418 non
1225 4372 1320 4434 posse
1343 4375 1383 4419 ex
1401 4356 1505 4422 officio
1525 4366 1558 4423 et
1580 4361 1669 4426 nullo
1691 4382 1729 4427 cx

941 4455 1164 4518 sacerdotibus
1201 4455 1461 4536 congregationis
1491 4458 1631 4524 Instente
1666 4480 1724 4541 pro

942 4557 1088 4619 nullitate
1114 4555 1303 4630 electionis;
1337 4556 1443 4638 quoad
1489 4576 1565 4623 rero
1590 4563 1728 4640 tertiam,

940 4659 1126 4738 negative.»

981 4805 996 4842 ι
1014 4782 1046 4845 Si
1063 4788 1168 4845 tamen
1187 4786 1299 4859 agetur
1313 4779 1354 4843 de
1370 4781 1530 4846 electione
1546 4785 1727 4865 super-ioris

940 4883 1115 4965 grumulis,
1138 4882 1185 4946 rel
1203 4882 1298 4946 etiam
1315 4884 1354 4946 de
1369 4884 1527 4947 electione
1546 4886 1729 4965 superioris

941 4984 1063 5062 localis,
1079 4987 1136 5048 sed
1154 4985 1232 5048 lacta
1247 4985 1420 5065 agerrerali
1438 4988 1621 5064 praeposita,
1644 4987 1691 5051 rel
1709 5007 1727 5052 a

939 5087 1084 5168 generali
1109 5087 1262 5168 capitulo,
1287 5095 1317 5151 et
1341 5089 1548 5168 congregatio
1566 5088 1599 5151 in
1621 5091 1725 5168 plari·

939 5188 999 5252 ltus
1022 5190 1213 5253 dioeeesibas
1238 5191 1352 5252 domus
1370 5188 1494 5264 habeat,
1516 5204 1580 5252 nen
1596 5191 1729 5253 ridetur

939 5302 1034 5349 causa
1062 5285 1220 5349 nullitatis
1245 5286 1414 5350 electionis
1436 5287 1545 5350 dirirni
1573 5305 1668 5366 posse
1686 5291 1727 5350 atr

939 5387 1104 5468 episcopo.
1133 5387 1260 5450 delectu
1283 5387 1525 5467 jurisdictionis
1551 5389 1582 5450 in
1609 5389 1725 5450 dumos

98 5485 245 5562 pendent
268 5492 373 5567 quood
399 5491 556 5559 bonorum
574 5517 708 5564 suorum
725 5512 886 5582 rgmpm.
938 5487 1076 5550 eliararn
1092 5486 1272 5550 dieceseon
1286 5507 1294 5561 ς
1309 5486 1365 5549 sed
1380 5487 1413 5549 in
1430 5486 1490 5549 bor.
1506 5504 1583 5550 casu
1599 5486 1726 5550 ridetur

98 5583 179 5644 liam
194 5585 420 5663 alienationes.
434 5595 547 5657 eodem
564 5600 660 5662 modo
671 5619 706 5664 ec
720 5605 884 5683 regulares
937 5593 975 5650 ad
992 5598 1132 5650 Sfisslllffl
1147 5587 1257 5650 iidem
1274 5589 1519 5651 recurrendum.

96 5701 225 5748 ornnes.
244 5687 387 5770 ideoque
402 5693 549 5775 indigent
571 5700 773 5781 beneplacito
806 5723 885 5786 apo-
977 5709 1323 5791 V.«Neqneuntdictm
1334 5711 1600 5792 congregationes
1616 5711 1648 5776 in
1661 5711 1725 5776 ali·

96 5783 216 5847 stolicc
245 5785 278 5848 in
302 5789 553 5861 alienationibus
576 5801 694 5866 valoris
711 5805 883 5888 plusquam
937 5829 1000 5892 qrin
1017 5811 1145 5874 dioecesi
1164 5828 1284 5874 nescim
1311 5823 1503 5875 conventam
1520 5812 1581 5876 sibi
1600 5813 1725 5877 consti·
