<?xml version="1.0" encoding="UTF-8"?>
<!DOCTYPE html PUBLIC "-//W3C//DTD XHTML 1.0 Transitional//EN"
    "http://www.w3.org/TR/xhtml1/DTD/xhtml1-transitional.dtd">
<html xmlns="http://www.w3.org/1999/xhtml" xml:lang="en" lang="en">
 <head>
  <title>
</title>
<meta http-equiv="Content-Type" content="text/html;charset=utf-8" />
  <meta name='ocr-system' content='tesseract 3.04.00' />
  <meta name='ocr-capabilities' content='ocr_page ocr_carea ocr_par ocr_line ocrx_word'/>
</head>
<body>
  <div class='ocr_page' id='page_1' title='image "./juriscanoniciun01maupgoog/juriscanoniciun01maupgoog_0305.png"; bbox 0 0 4004 6458; ppageno 0'>
   <div class='ocr_carea' id='block_1_1' title="bbox 284 375 1889 580">
    <p class='ocr_par' dir='ltr' id='par_1_1' title="bbox 284 375 1889 580">
     <span class='ocr_line' id='line_1_1' title="bbox 284 375 1885 460; baseline 0.007 -21"><span class='ocrx_word' id='word_1_1' title='bbox 284 375 338 456; x_wconf 70' lang='lat' dir='ltr'>illd</span> <span class='ocrx_word' id='word_1_2' title='bbox 797 379 911 443; x_wconf 79' lang='lat' dir='ltr'>tuuis</span> <span class='ocrx_word' id='word_1_3' title='bbox 927 376 1106 441; x_wconf 80' lang='lat' dir='ltr'>CANONlCl</span> <span class='ocrx_word' id='word_1_4' title='bbox 1125 377 1391 447; x_wconf 77' lang='lat' dir='ltr'>Cllldl’lillllllill.</span> <span class='ocrx_word' id='word_1_5' title='bbox 1839 393 1885 460; x_wconf 74' lang='lat' dir='ltr'>lit</span> 
     </span>
     <span class='ocr_line' id='line_1_2' title="bbox 285 487 1889 580; baseline 0.003 -26"><span class='ocrx_word' id='word_1_6' title='bbox 285 497 407 568; x_wconf 78' lang='lat' dir='ltr'>costes,</span> <span class='ocrx_word' id='word_1_7' title='bbox 437 495 468 553; x_wconf 88' lang='lat' dir='ltr'>et</span> <span class='ocrx_word' id='word_1_8' title='bbox 494 491 672 555; x_wconf 64' lang='lat' dir='ltr'>nativitatis</span> <span class='ocrx_word' id='word_1_9' title='bbox 701 491 832 554; x_wconf 84' lang='lat' dir='ltr'><strong>Domini</strong></span> <span class='ocrx_word' id='word_1_10' title='bbox 860 506 984 556; x_wconf 83' lang='lat' dir='ltr'>necnon</span> <span class='ocrx_word' id='word_1_11' title='bbox 1008 487 1078 552; x_wconf 89' lang='lat' dir='ltr'>aliis</span> <span class='ocrx_word' id='word_1_12' title='bbox 1133 490 1275 554; x_wconf 88' lang='lat' dir='ltr'>iuuniter</span> <span class='ocrx_word' id='word_1_13' title='bbox 1289 492 1329 555; x_wconf 91' lang='lat' dir='ltr'>ab</span> <span class='ocrx_word' id='word_1_14' title='bbox 1341 491 1575 573; x_wconf 86' lang='lat' dir='ltr'>interpretibus</span> <span class='ocrx_word' id='word_1_15' title='bbox 1599 491 1682 572; x_wconf 79' lang='lat' dir='ltr'>luris</span> <span class='ocrx_word' id='word_1_16' title='bbox 1704 493 1741 558; x_wconf 87' lang='lat' dir='ltr'>id</span> <span class='ocrx_word' id='word_1_17' title='bbox 1770 493 1821 560; x_wconf 83' lang='lat' dir='ltr'>rie</span> <span class='ocrx_word' id='word_1_18' title='bbox 1836 517 1889 580; x_wconf 82' lang='lat' dir='ltr'>pu·</span> 
     </span>
    </p>
   </div>
   <div class='ocr_carea' id='block_1_2' title="bbox 283 589 1892 3293">
    <p class='ocr_par' dir='ltr' id='par_1_2' title="bbox 283 589 1892 3293">
     <span class='ocr_line' id='line_1_3' title="bbox 284 589 1889 674; baseline 0.006 -20"><span class='ocrx_word' id='word_1_19' title='bbox 284 592 536 656; x_wconf 70' lang='lat' dir='ltr'>solemnioribus</span> <span class='ocrx_word' id='word_1_20' title='bbox 563 591 655 656; x_wconf 85' lang='lat' dir='ltr'>lestis</span> <span class='ocrx_word' id='word_1_21' title='bbox 678 591 793 658; x_wconf 88' lang='lat' dir='ltr'>diebus</span> <span class='ocrx_word' id='word_1_22' title='bbox 809 592 861 674; x_wconf 85' lang='lat' dir='ltr'>(ex</span> <span class='ocrx_word' id='word_1_23' title='bbox 890 592 1078 657; x_wconf 88' lang='lat' dir='ltr'>declaratio·</span> <span class='ocrx_word' id='word_1_24' title='bbox 1131 589 1223 654; x_wconf 81' lang='lat' dir='ltr'>bliooe</span> <span class='ocrx_word' id='word_1_25' title='bbox 1243 591 1539 658; x_wconf 78' lang='lat' dir='ltr'>denominationem</span> <span class='ocrx_word' id='word_1_26' title='bbox 1562 592 1771 658; x_wconf 86' lang='lat' dir='ltr'>desideratur.</span> <span class='ocrx_word' id='word_1_27' title='bbox 1789 597 1822 659; x_wconf 91' lang='lat' dir='ltr'>lii</span> <span class='ocrx_word' id='word_1_28' title='bbox 1840 597 1889 664; x_wconf 89' lang='lat' dir='ltr'>lior</span> 
     </span>
     <span class='ocr_line' id='line_1_4' title="bbox 284 691 1888 774; baseline 0.006 -19"><span class='ocrx_word' id='word_1_29' title='bbox 284 692 883 774; x_wconf 81' lang='lat' dir='ltr'>itibussecr.cong.llit.,etencyolicis</span> <span class='ocrx_word' id='word_1_30' title='bbox 903 692 1076 772; x_wconf 84' lang='lat' dir='ltr'>poulibciis</span> <span class='ocrx_word' id='word_1_31' title='bbox 1133 707 1208 754; x_wconf 85' lang='lat' dir='ltr'>iero</span> <span class='ocrx_word' id='word_1_32' title='bbox 1223 691 1308 756; x_wconf 90' lang='lat' dir='ltr'>alius</span> <span class='ocrx_word' id='word_1_33' title='bbox 1329 710 1392 757; x_wconf 92' lang='lat' dir='ltr'>non</span> <span class='ocrx_word' id='word_1_34' title='bbox 1409 701 1493 773; x_wconf 90' lang='lat' dir='ltr'>patet</span> <span class='ocrx_word' id='word_1_35' title='bbox 1516 693 1636 768; x_wconf 89' lang='lat' dir='ltr'>aditus,</span> <span class='ocrx_word' id='word_1_36' title='bbox 1657 693 1718 756; x_wconf 89' lang='lat' dir='ltr'>nisi</span> <span class='ocrx_word' id='word_1_37' title='bbox 1734 697 1888 774; x_wconf 89' lang='lat' dir='ltr'>perlocuni</span> 
     </span>
     <span class='ocr_line' id='line_1_5' title="bbox 284 790 1889 876; baseline 0.004 -18"><span class='ocrx_word' id='word_1_38' title='bbox 284 813 380 876; x_wconf 82' lang='lat' dir='ltr'>supra</span> <span class='ocrx_word' id='word_1_39' title='bbox 395 795 524 875; x_wconf 63' lang='lat' dir='ltr'>citatis.)</span> <span class='ocrx_word' id='word_1_40' title='bbox 543 814 598 876; x_wconf 88' lang='lat' dir='ltr'>per</span> <span class='ocrx_word' id='word_1_41' title='bbox 613 795 720 859; x_wconf 87' lang='lat' dir='ltr'>omnia</span> <span class='ocrx_word' id='word_1_42' title='bbox 741 812 837 876; x_wconf 87' lang='lat' dir='ltr'>supra</span> <span class='ocrx_word' id='word_1_43' title='bbox 855 793 938 857; x_wconf 91' lang='lat' dir='ltr'>dieta</span> <span class='ocrx_word' id='word_1_44' title='bbox 960 793 1074 868; x_wconf 88' lang='lat' dir='ltr'>limita,</span> <span class='ocrx_word' id='word_1_45' title='bbox 1132 790 1304 868; x_wconf 83' lang='lat' dir='ltr'>privatum.</span> <span class='ocrx_word' id='word_1_46' title='bbox 1322 813 1337 852; x_wconf 88' lang='lat' dir='ltr'>rt</span> <span class='ocrx_word' id='word_1_47' title='bbox 1353 827 1391 839; x_wconf 93' lang='lat'><em>-</em></span> <span class='ocrx_word' id='word_1_48' title='bbox 1407 816 1423 852; x_wconf 76' lang='grc' dir='ltr'>ι</span> <span class='ocrx_word' id='word_1_49' title='bbox 1442 793 1600 858; x_wconf 80' lang='lat' dir='ltr'>Caeleruin</span> <span class='ocrx_word' id='word_1_50' title='bbox 1626 793 1653 856; x_wconf 87' lang='lat' dir='ltr'>si</span> <span class='ocrx_word' id='word_1_51' title='bbox 1678 800 1779 874; x_wconf 84' lang='lat' dir='ltr'>puteat</span> <span class='ocrx_word' id='word_1_52' title='bbox 1801 798 1889 864; x_wconf 88' lang='lat' dir='ltr'>aditus</span> 
     </span>
     <span class='ocr_line' id='line_1_6' title="bbox 286 891 1891 977; baseline -0.001 -17"><span class='ocrx_word' id='word_1_53' title='bbox 286 896 350 960; x_wconf 90' lang='lat' dir='ltr'>uisi</span> <span class='ocrx_word' id='word_1_54' title='bbox 365 896 456 960; x_wconf 86' lang='lat' dir='ltr'>aliter</span> <span class='ocrx_word' id='word_1_55' title='bbox 476 897 573 960; x_wconf 86' lang='lat' dir='ltr'>luerit</span> <span class='ocrx_word' id='word_1_56' title='bbox 595 897 628 959; x_wconf 92' lang='lat' dir='ltr'>in</span> <span class='ocrx_word' id='word_1_57' title='bbox 653 895 779 962; x_wconf 88' lang='lat' dir='ltr'>indulto</span> <span class='ocrx_word' id='word_1_58' title='bbox 807 895 970 977; x_wconf 83' lang='lat' dir='ltr'>pontificio</span> <span class='ocrx_word' id='word_1_59' title='bbox 999 910 1076 958; x_wconf 91' lang='lat' dir='ltr'>con·</span> <span class='ocrx_word' id='word_1_60' title='bbox 1132 891 1364 956; x_wconf 81' lang='lat' dir='ltr'>adoratorium</span> <span class='ocrx_word' id='word_1_61' title='bbox 1388 911 1444 973; x_wconf 89' lang='lat' dir='ltr'>per</span> <span class='ocrx_word' id='word_1_62' title='bbox 1472 895 1589 958; x_wconf 89' lang='lat' dir='ltr'>domus</span> <span class='ocrx_word' id='word_1_63' title='bbox 1604 893 1733 970; x_wconf 81' lang='lat' dir='ltr'>atrium,</span> <span class='ocrx_word' id='word_1_64' title='bbox 1757 913 1891 976; x_wconf 81' lang='lat' dir='ltr'>perpin-</span> 
     </span>
     <span class='ocr_line' id='line_1_7' title="bbox 285 993 1890 1079; baseline 0.002 -17"><span class='ocrx_word' id='word_1_65' title='bbox 285 1014 424 1062; x_wconf 89' lang='lat' dir='ltr'>cessom.</span> <span class='ocrx_word' id='word_1_66' title='bbox 453 1000 494 1062; x_wconf 87' lang='lat' dir='ltr'>ill</span> <span class='ocrx_word' id='word_1_67' title='bbox 538 998 650 1078; x_wconf 84' lang='lat' dir='ltr'>nequit</span> <span class='ocrx_word' id='word_1_68' title='bbox 690 997 860 1078; x_wconf 85' lang='lat' dir='ltr'>opiscopus</span> <span class='ocrx_word' id='word_1_69' title='bbox 900 996 1076 1061; x_wconf 82' lang='lat' dir='ltr'>concedere</span> <span class='ocrx_word' id='word_1_70' title='bbox 1131 993 1235 1068; x_wconf 89' lang='lat' dir='ltr'>dium,</span> <span class='ocrx_word' id='word_1_71' title='bbox 1257 999 1379 1074; x_wconf 87' lang='lat' dir='ltr'>arenul,</span> <span class='ocrx_word' id='word_1_72' title='bbox 1397 1014 1612 1079; x_wconf 83' lang='lat' dir='ltr'>campumque</span> <span class='ocrx_word' id='word_1_73' title='bbox 1634 1003 1674 1061; x_wconf 92' lang='lat' dir='ltr'>de</span> <span class='ocrx_word' id='word_1_74' title='bbox 1698 997 1824 1078; x_wconf 83' lang='lat' dir='ltr'>alicujus</span> <span class='ocrx_word' id='word_1_75' title='bbox 1845 1009 1890 1065; x_wconf 93' lang='lat' dir='ltr'>do·</span> 
     </span>
     <span class='ocr_line' id='line_1_8' title="bbox 286 1093 1892 1176; baseline 0.001 -19"><span class='ocrx_word' id='word_1_76' title='bbox 286 1098 448 1162; x_wconf 89' lang='lat' dir='ltr'>licentiam</span> <span class='ocrx_word' id='word_1_77' title='bbox 465 1099 650 1164; x_wconf 78' lang='lat' dir='ltr'>asservandi</span> <span class='ocrx_word' id='word_1_78' title='bbox 665 1101 719 1164; x_wconf 87' lang='lat' dir='ltr'>SS.</span> <span class='ocrx_word' id='word_1_79' title='bbox 735 1099 943 1163; x_wconf 74' lang='lat' dir='ltr'>Eucharistiae</span> <span class='ocrx_word' id='word_1_80' title='bbox 972 1117 1076 1163; x_wconf 86' lang='lat' dir='ltr'>uaera-</span> <span class='ocrx_word' id='word_1_81' title='bbox 1132 1093 1246 1170; x_wconf 90' lang='lat' dir='ltr'>minio,</span> <span class='ocrx_word' id='word_1_82' title='bbox 1262 1096 1317 1158; x_wconf 85' lang='lat' dir='ltr'>sed</span> <span class='ocrx_word' id='word_1_83' title='bbox 1334 1095 1376 1158; x_wconf 90' lang='lat' dir='ltr'>ab</span> <span class='ocrx_word' id='word_1_84' title='bbox 1387 1095 1633 1160; x_wconf 85' lang='lat' dir='ltr'>immemorabili</span> <span class='ocrx_word' id='word_1_85' title='bbox 1652 1103 1789 1176; x_wconf 81' lang='lat' dir='ltr'>tempori</span> <span class='ocrx_word' id='word_1_86' title='bbox 1807 1108 1892 1164; x_wconf 81' lang='lat' dir='ltr'>traus-</span> 
     </span>
     <span class='ocr_line' id='line_1_9' title="bbox 286 1195 1890 1278; baseline 0.005 -22"><span class='ocrx_word' id='word_1_87' title='bbox 286 1202 430 1260; x_wconf 83' lang='lat' dir='ltr'>utentum</span> <span class='ocrx_word' id='word_1_88' title='bbox 448 1196 482 1260; x_wconf 95' lang='lat' dir='ltr'>in</span> <span class='ocrx_word' id='word_1_89' title='bbox 497 1198 647 1262; x_wconf 90' lang='lat' dir='ltr'>oratoriis</span> <span class='ocrx_word' id='word_1_90' title='bbox 661 1199 810 1278; x_wconf 82' lang='lat' dir='ltr'>privatis,</span> <span class='ocrx_word' id='word_1_91' title='bbox 852 1205 886 1262; x_wconf 91' lang='lat' dir='ltr'>ut</span> <span class='ocrx_word' id='word_1_92' title='bbox 900 1199 975 1262; x_wconf 91' lang='lat' dir='ltr'>alibi</span> <span class='ocrx_word' id='word_1_93' title='bbox 997 1217 1073 1273; x_wconf 90' lang='lat' dir='ltr'>pro·</span> <span class='ocrx_word' id='word_1_94' title='bbox 1129 1195 1194 1258; x_wconf 85' lang='lat' dir='ltr'>itus</span> <span class='ocrx_word' id='word_1_95' title='bbox 1226 1196 1283 1260; x_wconf 93' lang='lat' dir='ltr'>ille</span> <span class='ocrx_word' id='word_1_96' title='bbox 1301 1197 1384 1261; x_wconf 92' lang='lat' dir='ltr'>liber</span> <span class='ocrx_word' id='word_1_97' title='bbox 1404 1197 1512 1274; x_wconf 83' lang='lat' dir='ltr'>suerit,</span> <span class='ocrx_word' id='word_1_98' title='bbox 1530 1197 1663 1278; x_wconf 86' lang='lat' dir='ltr'>perinde</span> <span class='ocrx_word' id='word_1_99' title='bbox 1684 1214 1720 1262; x_wconf 90' lang='lat' dir='ltr'>uc</span> <span class='ocrx_word' id='word_1_100' title='bbox 1741 1198 1769 1260; x_wconf 87' lang='lat' dir='ltr'>si</span> <span class='ocrx_word' id='word_1_101' title='bbox 1793 1197 1890 1266; x_wconf 84' lang='lat' dir='ltr'>inisset</span> 
     </span>
     <span class='ocr_line' id='line_1_10' title="bbox 283 1295 1891 1376; baseline 0.005 -18"><span class='ocrx_word' id='word_1_102' title='bbox 283 1295 465 1362; x_wconf 87' lang='lat' dir='ltr'>bulumest.</span> <span class='ocrx_word' id='word_1_103' title='bbox 1131 1313 1187 1374; x_wconf 89' lang='lat' dir='ltr'>per</span> <span class='ocrx_word' id='word_1_104' title='bbox 1205 1296 1288 1360; x_wconf 85' lang='lat' dir='ltr'>riam</span> <span class='ocrx_word' id='word_1_105' title='bbox 1309 1297 1483 1376; x_wconf 79' lang='lat' dir='ltr'>publicam,</span> <span class='ocrx_word' id='word_1_106' title='bbox 1500 1298 1543 1360; x_wconf 90' lang='lat' dir='ltr'>ita</span> <span class='ocrx_word' id='word_1_107' title='bbox 1565 1305 1599 1360; x_wconf 90' lang='lat' dir='ltr'>ot</span> <span class='ocrx_word' id='word_1_108' title='bbox 1623 1296 1711 1360; x_wconf 88' lang='lat' dir='ltr'>nulla</span> <span class='ocrx_word' id='word_1_109' title='bbox 1726 1297 1891 1366; x_wconf 89' lang='lat' dir='ltr'>dominosil</span> 
     </span>
     <span class='ocr_line' id='line_1_11' title="bbox 328 1392 1890 1482; baseline 0.001 -22"><span class='ocrx_word' id='word_1_110' title='bbox 328 1397 429 1476; x_wconf 89' lang='lat' dir='ltr'>Supra</span> <span class='ocrx_word' id='word_1_111' title='bbox 450 1399 628 1462; x_wconf 87' lang='lat' dir='ltr'>oratorium</span> <span class='ocrx_word' id='word_1_112' title='bbox 655 1400 751 1464; x_wconf 85' lang='lat' dir='ltr'>etiam</span> <span class='ocrx_word' id='word_1_113' title='bbox 770 1401 928 1482; x_wconf 78' lang='lat' dir='ltr'>privatum</span> <span class='ocrx_word' id='word_1_114' title='bbox 944 1417 1002 1464; x_wconf 79' lang='lat' dir='ltr'>seu</span> <span class='ocrx_word' id='word_1_115' title='bbox 1023 1417 1076 1464; x_wconf 78' lang='lat' dir='ltr'>ca·</span> <span class='ocrx_word' id='word_1_116' title='bbox 1128 1392 1262 1459; x_wconf 81' lang='lat' dir='ltr'>facultas</span> <span class='ocrx_word' id='word_1_117' title='bbox 1290 1396 1459 1460; x_wconf 77' lang='lat' dir='ltr'>transitum</span> <span class='ocrx_word' id='word_1_118' title='bbox 1486 1395 1578 1458; x_wconf 89' lang='lat' dir='ltr'>illurn</span> <span class='ocrx_word' id='word_1_119' title='bbox 1609 1393 1819 1476; x_wconf 79' lang='lat' dir='ltr'>impediendi,</span> <span class='ocrx_word' id='word_1_120' title='bbox 1839 1415 1890 1462; x_wconf 94' lang='lat' dir='ltr'>non</span> 
     </span>
     <span class='ocr_line' id='line_1_12' title="bbox 290 1492 1890 1583; baseline 0.004 -29"><span class='ocrx_word' id='word_1_121' title='bbox 290 1496 419 1575; x_wconf 77' lang='lat' dir='ltr'>uellam,</span> <span class='ocrx_word' id='word_1_122' title='bbox 431 1505 486 1562; x_wconf 90' lang='lat' dir='ltr'>aut</span> <span class='ocrx_word' id='word_1_123' title='bbox 501 1499 670 1564; x_wconf 87' lang='lat' dir='ltr'>ecclesiam</span> <span class='ocrx_word' id='word_1_124' title='bbox 684 1509 850 1583; x_wconf 86' lang='lat' dir='ltr'>nequeunt</span> <span class='ocrx_word' id='word_1_125' title='bbox 861 1519 1075 1567; x_wconf 78' lang='lat' dir='ltr'>essecameroe</span> <span class='ocrx_word' id='word_1_126' title='bbox 1129 1492 1436 1560; x_wconf 88' lang='lat' dir='ltr'>desinitoratorium</span> <span class='ocrx_word' id='word_1_127' title='bbox 1453 1495 1533 1558; x_wconf 91' lang='lat' dir='ltr'>illud</span> <span class='ocrx_word' id='word_1_128' title='bbox 1547 1512 1618 1558; x_wconf 90' lang='lat' dir='ltr'>esse</span> <span class='ocrx_word' id='word_1_129' title='bbox 1630 1493 1803 1576; x_wconf 81' lang='lat' dir='ltr'>pubiicum.</span> <span class='ocrx_word' id='word_1_130' title='bbox 1818 1496 1890 1561; x_wconf 88' lang='lat' dir='ltr'>ldent</span> 
     </span>
     <span class='ocr_line' id='line_1_13' title="bbox 287 1593 1890 1677; baseline 0.001 -20"><span class='ocrx_word' id='word_1_131' title='bbox 287 1609 337 1662; x_wconf 86' lang='lat' dir='ltr'>tei</span> <span class='ocrx_word' id='word_1_132' title='bbox 352 1603 418 1664; x_wconf 83' lang='lat' dir='ltr'>lora</span> <span class='ocrx_word' id='word_1_133' title='bbox 431 1601 470 1664; x_wconf 83' lang='lat' dir='ltr'>ad</span> <span class='ocrx_word' id='word_1_134' title='bbox 480 1601 701 1677; x_wconf 73' lang='lat' dir='ltr'>habitandum,</span> <span class='ocrx_word' id='word_1_135' title='bbox 714 1603 951 1676; x_wconf 70' lang='lat' dir='ltr'>dormiendum,</span> <span class='ocrx_word' id='word_1_136' title='bbox 964 1604 1074 1668; x_wconf 62' lang='lat' dir='ltr'>deam.</span> <span class='ocrx_word' id='word_1_137' title='bbox 1127 1596 1192 1672; x_wconf 82' lang='lat' dir='ltr'>die,</span> <span class='ocrx_word' id='word_1_138' title='bbox 1209 1598 1237 1660; x_wconf 92' lang='lat' dir='ltr'>si</span> <span class='ocrx_word' id='word_1_139' title='bbox 1252 1596 1286 1658; x_wconf 91' lang='lat' dir='ltr'>iri</span> <span class='ocrx_word' id='word_1_140' title='bbox 1311 1611 1395 1660; x_wconf 85' lang='lat' dir='ltr'>uota</span> <span class='ocrx_word' id='word_1_141' title='bbox 1420 1593 1662 1659; x_wconf 89' lang='lat' dir='ltr'>constructione</span> <span class='ocrx_word' id='word_1_142' title='bbox 1686 1595 1824 1672; x_wconf 84' lang='lat' dir='ltr'>oratorii,</span> <span class='ocrx_word' id='word_1_143' title='bbox 1841 1595 1890 1658; x_wconf 92' lang='lat' dir='ltr'>do·</span> 
     </span>
     <span class='ocr_line' id='line_1_14' title="bbox 285 1689 1890 1780; baseline 0.004 -18"><span class='ocrx_word' id='word_1_144' title='bbox 285 1699 604 1776; x_wconf 86' lang='lat' dir='ltr'>bulandum‚eutiid</span> <span class='ocrx_word' id='word_1_145' title='bbox 625 1703 725 1766; x_wconf 89' lang='lat' dir='ltr'>alium</span> <span class='ocrx_word' id='word_1_146' title='bbox 760 1722 854 1767; x_wconf 90' lang='lat' dir='ltr'>usum</span> <span class='ocrx_word' id='word_1_147' title='bbox 886 1705 1071 1780; x_wconf 89' lang='lat' dir='ltr'>prolanum.</span> <span class='ocrx_word' id='word_1_148' title='bbox 1128 1698 1235 1762; x_wconf 90' lang='lat' dir='ltr'>minus</span> <span class='ocrx_word' id='word_1_149' title='bbox 1261 1689 1521 1778; x_wconf 66' lang='lat' dir='ltr'>§colligaverit</span> <span class='ocrx_word' id='word_1_150' title='bbox 1549 1696 1632 1758; x_wconf 72' lang='lat' dir='ltr'>litim</span> <span class='ocrx_word' id='word_1_151' title='bbox 1662 1710 1734 1776; x_wconf 68' lang='lat' dir='ltr'><strong>(1¹1oe</strong></span> <span class='ocrx_word' id='word_1_152' title='bbox 1758 1695 1890 1762; x_wconf 74' lang='lat' dir='ltr'>dulilld</span> 
     </span>
     <span class='ocr_line' id='line_1_15' title="bbox 287 1793 1891 1884; baseline 0.005 -22"><span class='ocrx_word' id='word_1_153' title='bbox 287 1801 1073 1884; x_wconf 52' lang='lat' dir='ltr'>(communicetpluribussacraicongndecretis</span> <span class='ocrx_word' id='word_1_154' title='bbox 1126 1793 1379 1877; x_wconf 69' lang='lat' dir='ltr'>ipsulnt&#39;ltuillue</span> <span class='ocrx_word' id='word_1_155' title='bbox 1404 1797 1537 1859; x_wconf 87' lang='lat' dir='ltr'>liberam</span> <span class='ocrx_word' id='word_1_156' title='bbox 1554 1793 1587 1856; x_wconf 68' lang='lat'>5¹¹</span> <span class='ocrx_word' id='word_1_157' title='bbox 1623 1800 1808 1873; x_wconf 58' lang='lat' dir='ltr'>willemum</span> <span class='ocrx_word' id='word_1_158' title='bbox 1833 1812 1891 1859; x_wconf 67' lang='lat' dir='ltr'>Sil·</span> 
     </span>
     <span class='ocr_line' id='line_1_16' title="bbox 286 1895 1891 1982; baseline 0.004 -20"><span class='ocrx_word' id='word_1_159' title='bbox 286 1903 369 1982; x_wconf 75' lang='lat' dir='ltr'>apud</span> <span class='ocrx_word' id='word_1_160' title='bbox 387 1904 512 1967; x_wconf 81' lang='lat' dir='ltr'>Fertur.</span> <span class='ocrx_word' id='word_1_161' title='bbox 535 1906 622 1968; x_wconf 82' lang='lat' dir='ltr'>verb.</span> <span class='ocrx_word' id='word_1_162' title='bbox 646 1905 841 1980; x_wconf 67' lang='lat' dir='ltr'>motorium,</span> <span class='ocrx_word' id='word_1_163' title='bbox 867 1925 899 1970; x_wconf 88' lang='lat' dir='ltr'>u.</span> <span class='ocrx_word' id='word_1_164' title='bbox 924 1909 963 1970; x_wconf 83' lang='lat'>18</span> <span class='ocrx_word' id='word_1_165' title='bbox 978 1919 1009 1972; x_wconf 83' lang='lat' dir='ltr'>et</span> <span class='ocrx_word' id='word_1_166' title='bbox 1023 1906 1072 1982; x_wconf 79' lang='lat'>92,</span> <span class='ocrx_word' id='word_1_167' title='bbox 1128 1918 1213 1963; x_wconf 83' lang='lat' dir='ltr'>vare·</span> <span class='ocrx_word' id='word_1_168' title='bbox 1230 1901 1385 1978; x_wconf 78' lang='lat' dir='ltr'>(pteutu.</span> <span class='ocrx_word' id='word_1_169' title='bbox 1403 1897 1435 1959; x_wconf 86' lang='lat' dir='ltr'>iu</span> <span class='ocrx_word' id='word_1_170' title='bbox 1453 1915 1521 1976; x_wconf 79' lang='lat' dir='ltr'>eiii·</span> <span class='ocrx_word' id='word_1_171' title='bbox 1542 1896 1581 1957; x_wconf 79' lang='lat' dir='ltr'>lu</span> <span class='ocrx_word' id='word_1_172' title='bbox 1597 1897 1659 1970; x_wconf 84' lang='lat' dir='ltr'>itit,</span> <span class='ocrx_word' id='word_1_173' title='bbox 1677 1913 1709 1958; x_wconf 86' lang='lat' dir='ltr'>n·</span> <span class='ocrx_word' id='word_1_174' title='bbox 1726 1895 1773 1968; x_wconf 81' lang='lat'>18.</span> <span class='ocrx_word' id='word_1_175' title='bbox 1784 1898 1824 1958; x_wconf 80' lang='lat' dir='ltr'>bt</span> <span class='ocrx_word' id='word_1_176' title='bbox 1836 1901 1891 1976; x_wconf 79' lang='lat' dir='ltr'>iri·</span> 
     </span>
     <span class='ocr_line' id='line_1_17' title="bbox 286 1995 1890 2090; baseline -0.002 -25"><span class='ocrx_word' id='word_1_177' title='bbox 286 2013 318 2065; x_wconf 82' lang='lat' dir='ltr'>rt</span> <span class='ocrx_word' id='word_1_178' title='bbox 334 2003 421 2066; x_wconf 88' lang='lat' dir='ltr'>ierb.</span> <span class='ocrx_word' id='word_1_179' title='bbox 437 2004 594 2078; x_wconf 82' lang='lat' dir='ltr'>Ecclesia,</span> <span class='ocrx_word' id='word_1_180' title='bbox 607 2014 666 2069; x_wconf 89' lang='lat' dir='ltr'>art.</span> <span class='ocrx_word' id='word_1_181' title='bbox 683 2009 713 2081; x_wconf 81' lang='lat'>5,</span> <span class='ocrx_word' id='word_1_182' title='bbox 726 2024 757 2070; x_wconf 93' lang='lat' dir='ltr'>ti.</span> <span class='ocrx_word' id='word_1_183' title='bbox 770 2005 814 2090; x_wconf 84' lang='lat'>5.)</span> <span class='ocrx_word' id='word_1_184' title='bbox 834 2007 952 2070; x_wconf 85' lang='lat' dir='ltr'>sobius</span> <span class='ocrx_word' id='word_1_185' title='bbox 968 2017 1073 2072; x_wconf 89' lang='lat' dir='ltr'>tamen</span> <span class='ocrx_word' id='word_1_186' title='bbox 1127 1999 1276 2080; x_wconf 77' lang='lat' dir='ltr'>vilepiiii</span> <span class='ocrx_word' id='word_1_187' title='bbox 1306 1998 1440 2060; x_wconf 75' lang='lat' dir='ltr'>Granio.</span> <span class='ocrx_word' id='word_1_188' title='bbox 1470 1998 1514 2058; x_wconf 85' lang='lat' dir='ltr'>lle</span> <span class='ocrx_word' id='word_1_189' title='bbox 1543 2007 1665 2060; x_wconf 84' lang='lat' dir='ltr'>erutor.</span> <span class='ocrx_word' id='word_1_190' title='bbox 1694 1995 1816 2057; x_wconf 82' lang='lat' dir='ltr'>domest.</span> <span class='ocrx_word' id='word_1_191' title='bbox 1829 2013 1853 2060; x_wconf 90' lang='lat' dir='ltr'>c.</span> <span class='ocrx_word' id='word_1_192' title='bbox 1865 1997 1890 2072; x_wconf 80' lang='grc'>3,</span> 
     </span>
     <span class='ocr_line' id='line_1_18' title="bbox 286 2097 1237 2183; baseline 0.008 -21"><span class='ocrx_word' id='word_1_193' title='bbox 286 2101 356 2176; x_wconf 81' lang='lat' dir='ltr'>lusa</span> <span class='ocrx_word' id='word_1_194' title='bbox 371 2111 505 2182; x_wconf 86' lang='lat' dir='ltr'>possunt</span> <span class='ocrx_word' id='word_1_195' title='bbox 530 2105 643 2169; x_wconf 80' lang='lat' dir='ltr'>edesse</span> <span class='ocrx_word' id='word_1_196' title='bbox 669 2106 796 2183; x_wconf 85' lang='lat' dir='ltr'>horrea,</span> <span class='ocrx_word' id='word_1_197' title='bbox 814 2109 901 2170; x_wconf 83' lang='lat' dir='ltr'>cellro</span> <span class='ocrx_word' id='word_1_198' title='bbox 928 2107 1071 2182; x_wconf 80' lang='lat' dir='ltr'>vinarius,</span> <span class='ocrx_word' id='word_1_199' title='bbox 1125 2097 1237 2179; x_wconf 81' lang='lat'>1¹·3·)</span> 
     </span>
     <span class='ocr_line' id='line_1_19' title="bbox 285 2194 1890 2285; baseline -0.004 -19"><span class='ocrx_word' id='word_1_200' title='bbox 285 2205 340 2262; x_wconf 89' lang='lat' dir='ltr'>aul</span> <span class='ocrx_word' id='word_1_201' title='bbox 355 2201 528 2279; x_wconf 79' lang='lat' dir='ltr'>apothacm.</span> <span class='ocrx_word' id='word_1_202' title='bbox 546 2201 588 2279; x_wconf 77' lang='lat' dir='ltr'>(S.</span> <span class='ocrx_word' id='word_1_203' title='bbox 602 2220 713 2282; x_wconf 85' lang='lat' dir='ltr'>congr.</span> <span class='ocrx_word' id='word_1_204' title='bbox 726 2205 874 2285; x_wconf 80' lang='lat' dir='ltr'>Episcop.</span> <span class='ocrx_word' id='word_1_205' title='bbox 889 2211 919 2268; x_wconf 87' lang='lat' dir='ltr'>et</span> <span class='ocrx_word' id='word_1_206' title='bbox 933 2205 1071 2278; x_wconf 81' lang='lat' dir='ltr'>concil,</span> <span class='ocrx_word' id='word_1_207' title='bbox 1166 2223 1181 2259; x_wconf 81' lang='grc' dir='ltr'>ι</span> <span class='ocrx_word' id='word_1_208' title='bbox 1206 2202 1241 2262; x_wconf 94' lang='lat' dir='ltr'>lu</span> <span class='ocrx_word' id='word_1_209' title='bbox 1262 2204 1401 2264; x_wconf 90' lang='lat' dir='ltr'>oratorio</span> <span class='ocrx_word' id='word_1_210' title='bbox 1430 2199 1562 2280; x_wconf 86' lang='lat' dir='ltr'>publico</span> <span class='ocrx_word' id='word_1_211' title='bbox 1594 2194 1804 2260; x_wconf 80' lang='lat' dir='ltr'>necessariam</span> <span class='ocrx_word' id='word_1_212' title='bbox 1832 2213 1890 2260; x_wconf 87' lang='lat' dir='ltr'>esse</span> 
     </span>
     <span class='ocr_line' id='line_1_20' title="bbox 284 2297 1888 2384; baseline 0.002 -26"><span class='ocrx_word' id='word_1_213' title='bbox 284 2297 369 2376; x_wconf 87' lang='lat' dir='ltr'>apud</span> <span class='ocrx_word' id='word_1_214' title='bbox 387 2301 531 2366; x_wconf 80' lang='lat' dir='ltr'>Fannia.</span> <span class='ocrx_word' id='word_1_215' title='bbox 552 2305 640 2367; x_wconf 84' lang='lat' dir='ltr'>verb.</span> <span class='ocrx_word' id='word_1_216' title='bbox 664 2305 860 2379; x_wconf 81' lang='lat' dir='ltr'>oratorium,</span> <span class='ocrx_word' id='word_1_217' title='bbox 879 2324 913 2370; x_wconf 92' lang='lat' dir='ltr'>u.</span> <span class='ocrx_word' id='word_1_218' title='bbox 932 2308 997 2384; x_wconf 79' lang='lat'>32.)</span> <span class='ocrx_word' id='word_1_219' title='bbox 1013 2307 1074 2370; x_wconf 90' lang='lat' dir='ltr'>Po·</span> <span class='ocrx_word' id='word_1_220' title='bbox 1125 2321 1308 2383; x_wconf 86' lang='lat' dir='ltr'>componam</span> <span class='ocrx_word' id='word_1_221' title='bbox 1325 2303 1422 2382; x_wconf 77' lang='lat' dir='ltr'>vulgo</span> <span class='ocrx_word' id='word_1_222' title='bbox 1438 2299 1583 2365; x_wconf 88' lang='lat' dir='ltr'>traditur.</span> <span class='ocrx_word' id='word_1_223' title='bbox 1596 2299 1819 2364; x_wconf 74' lang='lat' dir='ltr'>Alornlorium</span> <span class='ocrx_word' id='word_1_224' title='bbox 1837 2316 1888 2362; x_wconf 94' lang='lat' dir='ltr'>noir</span> 
     </span>
     <span class='ocr_line' id='line_1_21' title="bbox 286 2401 1889 2486; baseline 0.003 -27"><span class='ocrx_word' id='word_1_225' title='bbox 286 2406 348 2461; x_wconf 88' lang='lat' dir='ltr'>lest</span> <span class='ocrx_word' id='word_1_226' title='bbox 363 2407 469 2464; x_wconf 86' lang='lat' dir='ltr'>tamen</span> <span class='ocrx_word' id='word_1_227' title='bbox 487 2403 721 2484; x_wconf 81' lang='lat' dir='ltr'>privilegiatus,</span> <span class='ocrx_word' id='word_1_228' title='bbox 735 2409 761 2468; x_wconf 91' lang='lat' dir='ltr'>si</span> <span class='ocrx_word' id='word_1_229' title='bbox 775 2407 855 2468; x_wconf 93' lang='lat' dir='ltr'>nolit</span> <span class='ocrx_word' id='word_1_230' title='bbox 867 2406 1007 2486; x_wconf 84' lang='lat' dir='ltr'>amplius</span> <span class='ocrx_word' id='word_1_231' title='bbox 1025 2407 1072 2470; x_wconf 93' lang='lat' dir='ltr'>uti</span> <span class='ocrx_word' id='word_1_232' title='bbox 1125 2406 1274 2470; x_wconf 88' lang='lat' dir='ltr'>desinere</span> <span class='ocrx_word' id='word_1_233' title='bbox 1289 2421 1361 2469; x_wconf 90' lang='lat' dir='ltr'>osse</span> <span class='ocrx_word' id='word_1_234' title='bbox 1388 2402 1579 2482; x_wconf 86' lang='lat' dir='ltr'>poblicum,</span> <span class='ocrx_word' id='word_1_235' title='bbox 1605 2401 1731 2465; x_wconf 88' lang='lat' dir='ltr'>tametsi</span> <span class='ocrx_word' id='word_1_236' title='bbox 1761 2417 1889 2480; x_wconf 88' lang='lat' dir='ltr'>campani</span> 
     </span>
     <span class='ocr_line' id='line_1_22' title="bbox 287 2501 1889 2587; baseline 0 -23"><span class='ocrx_word' id='word_1_237' title='bbox 287 2501 471 2583; x_wconf 82' lang='lat' dir='ltr'>privilegio,</span> <span class='ocrx_word' id='word_1_238' title='bbox 489 2521 548 2585; x_wconf 88' lang='lat' dir='ltr'>pro</span> <span class='ocrx_word' id='word_1_239' title='bbox 563 2523 623 2569; x_wconf 92' lang='lat' dir='ltr'>siro</span> <span class='ocrx_word' id='word_1_240' title='bbox 643 2508 736 2571; x_wconf 92' lang='lat' dir='ltr'>libito</span> <span class='ocrx_word' id='word_1_241' title='bbox 762 2517 949 2572; x_wconf 86' lang='lat' dir='ltr'>conuertere</span> <span class='ocrx_word' id='word_1_242' title='bbox 964 2516 1072 2572; x_wconf 90' lang='lat' dir='ltr'>orato·</span> <span class='ocrx_word' id='word_1_243' title='bbox 1125 2508 1234 2587; x_wconf 88' lang='lat' dir='ltr'>ipsum</span> <span class='ocrx_word' id='word_1_244' title='bbox 1249 2512 1367 2579; x_wconf 84' lang='lat' dir='ltr'>carcat,</span> <span class='ocrx_word' id='word_1_245' title='bbox 1386 2505 1487 2568; x_wconf 81' lang='lat' dir='ltr'>burriel</span> <span class='ocrx_word' id='word_1_246' title='bbox 1504 2505 1642 2580; x_wconf 85' lang='lat' dir='ltr'>Gallico,</span> <span class='ocrx_word' id='word_1_247' title='bbox 1663 2501 1742 2566; x_wconf 86' lang='lat' dir='ltr'>ibid.</span> <span class='ocrx_word' id='word_1_248' title='bbox 1759 2520 1788 2566; x_wconf 92' lang='lat' dir='ltr'>n.</span> <span class='ocrx_word' id='word_1_249' title='bbox 1802 2503 1889 2566; x_wconf 66' lang='lat' dir='ltr'>ld...</span> 
     </span>
     <span class='ocr_line' id='line_1_23' title="bbox 286 2604 1889 2690; baseline 0.001 -26"><span class='ocrx_word' id='word_1_250' title='bbox 286 2604 704 2686; x_wconf 76' lang='lat' dir='ltr'>riuminususproienosr</span> <span class='ocrx_word' id='word_1_251' title='bbox 726 2609 1074 2690; x_wconf 86' lang='lat' dir='ltr'>quinoraloriumpri·</span> <span class='ocrx_word' id='word_1_252' title='bbox 1125 2609 1223 2670; x_wconf 82' lang='lat' dir='ltr'>Recta</span> <span class='ocrx_word' id='word_1_253' title='bbox 1258 2622 1334 2668; x_wconf 87' lang='lat' dir='ltr'>iero</span> <span class='ocrx_word' id='word_1_254' title='bbox 1373 2605 1474 2668; x_wconf 82' lang='lat' dir='ltr'>asseri</span> <span class='ocrx_word' id='word_1_255' title='bbox 1509 2611 1615 2684; x_wconf 86' lang='lat' dir='ltr'>potest</span> <span class='ocrx_word' id='word_1_256' title='bbox 1645 2604 1805 2682; x_wconf 83' lang='lat' dir='ltr'>publicum</span> <span class='ocrx_word' id='word_1_257' title='bbox 1833 2621 1889 2666; x_wconf 86' lang='lat' dir='ltr'>csse</span> 
     </span>
     <span class='ocr_line' id='line_1_24' title="bbox 287 2702 1890 2786; baseline -0.001 -20"><span class='ocrx_word' id='word_1_258' title='bbox 287 2713 396 2771; x_wconf 85' lang='lat' dir='ltr'>tutum</span> <span class='ocrx_word' id='word_1_259' title='bbox 423 2723 487 2771; x_wconf 92' lang='lat' dir='ltr'>oon</span> <span class='ocrx_word' id='word_1_260' title='bbox 505 2717 554 2772; x_wconf 90' lang='lat' dir='ltr'>est</span> <span class='ocrx_word' id='word_1_261' title='bbox 574 2709 663 2772; x_wconf 90' lang='lat' dir='ltr'>locus</span> <span class='ocrx_word' id='word_1_262' title='bbox 687 2729 788 2786; x_wconf 85' lang='lat' dir='ltr'>sacer,</span> <span class='ocrx_word' id='word_1_263' title='bbox 805 2731 864 2776; x_wconf 90' lang='lat' dir='ltr'>neo</span> <span class='ocrx_word' id='word_1_264' title='bbox 887 2710 1073 2774; x_wconf 88' lang='lat' dir='ltr'>imuiulabi·</span> <span class='ocrx_word' id='word_1_265' title='bbox 1126 2705 1301 2769; x_wconf 88' lang='lat' dir='ltr'>oratorium</span> <span class='ocrx_word' id='word_1_266' title='bbox 1322 2705 1350 2766; x_wconf 91' lang='lat' dir='ltr'>si</span> <span class='ocrx_word' id='word_1_267' title='bbox 1373 2720 1558 2783; x_wconf 88' lang='lat' dir='ltr'>campanam</span> <span class='ocrx_word' id='word_1_268' title='bbox 1583 2702 1711 2774; x_wconf 83' lang='lat' dir='ltr'>babeat,</span> <span class='ocrx_word' id='word_1_269' title='bbox 1728 2702 1799 2779; x_wconf 80' lang='lat' dir='ltr'>quia</span> <span class='ocrx_word' id='word_1_270' title='bbox 1818 2719 1890 2764; x_wconf 89' lang='lat' dir='ltr'>cin·</span> 
     </span>
     <span class='ocr_line' id='line_1_25' title="bbox 286 2804 1890 2891; baseline 0.001 -23"><span class='ocrx_word' id='word_1_271' title='bbox 286 2808 358 2872; x_wconf 89' lang='lat' dir='ltr'>liter</span> <span class='ocrx_word' id='word_1_272' title='bbox 387 2809 513 2873; x_wconf 89' lang='lat' dir='ltr'>diculus</span> <span class='ocrx_word' id='word_1_273' title='bbox 548 2810 658 2873; x_wconf 90' lang='lat' dir='ltr'>diiiuo</span> <span class='ocrx_word' id='word_1_274' title='bbox 684 2812 809 2885; x_wconf 88' lang='lat' dir='ltr'>cultui,</span> <span class='ocrx_word' id='word_1_275' title='bbox 837 2812 984 2891; x_wconf 84' lang='lat' dir='ltr'>adeoque</span> <span class='ocrx_word' id='word_1_276' title='bbox 1013 2827 1072 2874; x_wconf 94' lang='lat' dir='ltr'>nee</span> <span class='ocrx_word' id='word_1_277' title='bbox 1126 2825 1205 2887; x_wconf 89' lang='lat' dir='ltr'>pana</span> <span class='ocrx_word' id='word_1_278' title='bbox 1234 2824 1298 2870; x_wconf 92' lang='lat' dir='ltr'>uon</span> <span class='ocrx_word' id='word_1_279' title='bbox 1332 2807 1547 2887; x_wconf 85' lang='lat' dir='ltr'>appenditur,</span> <span class='ocrx_word' id='word_1_280' title='bbox 1575 2806 1639 2870; x_wconf 91' lang='lat' dir='ltr'>nisi</span> <span class='ocrx_word' id='word_1_281' title='bbox 1676 2804 1890 2870; x_wconf 87' lang='lat' dir='ltr'>oratoriumsit</span> 
     </span>
     <span class='ocr_line' id='line_1_26' title="bbox 284 2907 1303 2988; baseline -0.001 -17"><span class='ocrx_word' id='word_1_282' title='bbox 284 2909 403 2987; x_wconf 72' lang='lat' dir='ltr'>gaudet</span> <span class='ocrx_word' id='word_1_283' title='bbox 417 2911 621 2976; x_wconf 88' lang='lat' dir='ltr'>immunitate</span> <span class='ocrx_word' id='word_1_284' title='bbox 636 2913 913 2988; x_wconf 65' lang='lat' dir='ltr'>ecclesiasticum</span> <span class='ocrx_word' id='word_1_285' title='bbox 930 2910 1072 2974; x_wconf 88' lang='lat' dir='ltr'>decrerit</span> <span class='ocrx_word' id='word_1_286' title='bbox 1126 2907 1303 2988; x_wconf 86' lang='lat' dir='ltr'>publicum.</span> 
     </span>
     <span class='ocr_line' id='line_1_27' title="bbox 284 3007 1890 3089; baseline 0.002 -20"><span class='ocrx_word' id='word_1_287' title='bbox 284 3025 366 3071; x_wconf 85' lang='lat' dir='ltr'>sacr.</span> <span class='ocrx_word' id='word_1_288' title='bbox 390 3026 501 3089; x_wconf 81' lang='lat' dir='ltr'>congr.</span> <span class='ocrx_word' id='word_1_289' title='bbox 521 3011 689 3073; x_wconf 86' lang='lat' dir='ltr'>liumuitil.</span> <span class='ocrx_word' id='word_1_290' title='bbox 711 3013 731 3072; x_wconf 85' lang='grc'>9</span> <span class='ocrx_word' id='word_1_291' title='bbox 760 3011 911 3074; x_wconf 87' lang='lat' dir='ltr'>Deoeuib.</span> <span class='ocrx_word' id='word_1_292' title='bbox 935 3010 1023 3072; x_wconf 82' lang='lat'>16³1.</span> <span class='ocrx_word' id='word_1_293' title='bbox 1040 3011 1072 3072; x_wconf 90' lang='lat' dir='ltr'>Si</span> <span class='ocrx_word' id='word_1_294' title='bbox 1165 3033 1181 3070; x_wconf 74' lang='lat' dir='ltr'>tr</span> <span class='ocrx_word' id='word_1_295' title='bbox 1205 3012 1249 3072; x_wconf 88' lang='lat' dir='ltr'>De</span> <span class='ocrx_word' id='word_1_296' title='bbox 1266 3027 1304 3072; x_wconf 94' lang='lat' dir='ltr'>eo</span> <span class='ocrx_word' id='word_1_297' title='bbox 1322 3027 1387 3072; x_wconf 92' lang='lat' dir='ltr'>uon</span> <span class='ocrx_word' id='word_1_298' title='bbox 1410 3007 1490 3071; x_wconf 87' lang='lat' dir='ltr'>letis</span> <span class='ocrx_word' id='word_1_299' title='bbox 1509 3015 1558 3070; x_wconf 85' lang='lat' dir='ltr'>est</span> <span class='ocrx_word' id='word_1_300' title='bbox 1576 3009 1890 3084; x_wconf 61' lang='lat' dir='ltr'>contraventurum</span> 
     </span>
     <span class='ocr_line' id='line_1_28' title="bbox 285 3107 1888 3191; baseline 0.005 -27"><span class='ocrx_word' id='word_1_301' title='bbox 285 3115 393 3167; x_wconf 89' lang='lat' dir='ltr'>nutem</span> <span class='ocrx_word' id='word_1_302' title='bbox 423 3107 645 3186; x_wconf 78' lang='lat' dir='ltr'>privilegiatus</span> <span class='ocrx_word' id='word_1_303' title='bbox 675 3108 751 3172; x_wconf 85' lang='lat' dir='ltr'>velit</span> <span class='ocrx_word' id='word_1_304' title='bbox 775 3109 893 3172; x_wconf 85' lang='lat' dir='ltr'>iterum</span> <span class='ocrx_word' id='word_1_305' title='bbox 920 3111 982 3174; x_wconf 88' lang='lat' dir='ltr'>tole</span> <span class='ocrx_word' id='word_1_306' title='bbox 1005 3127 1074 3173; x_wconf 90' lang='lat' dir='ltr'>oia·</span> <span class='ocrx_word' id='word_1_307' title='bbox 1127 3111 1303 3178; x_wconf 87' lang='lat' dir='ltr'>oratorium</span> <span class='ocrx_word' id='word_1_308' title='bbox 1321 3111 1502 3190; x_wconf 84' lang='lat' dir='ltr'>publicum,</span> <span class='ocrx_word' id='word_1_309' title='bbox 1520 3119 1633 3190; x_wconf 83' lang='lat' dir='ltr'>preater</span> <span class='ocrx_word' id='word_1_310' title='bbox 1656 3111 1774 3174; x_wconf 90' lang='lat' dir='ltr'>osliuin</span> <span class='ocrx_word' id='word_1_311' title='bbox 1790 3111 1888 3191; x_wconf 83' lang='lat' dir='ltr'>princi·</span> 
     </span>
     <span class='ocr_line' id='line_1_29' title="bbox 286 3205 1889 3293; baseline 0.006 -27"><span class='ocrx_word' id='word_1_312' title='bbox 286 3205 405 3268; x_wconf 88' lang='lat' dir='ltr'>lorium</span> <span class='ocrx_word' id='word_1_313' title='bbox 421 3207 624 3287; x_wconf 83' lang='lat' dir='ltr'>profanatum</span> <span class='ocrx_word' id='word_1_314' title='bbox 645 3212 808 3274; x_wconf 87' lang='lat' dir='ltr'>remittere</span> <span class='ocrx_word' id='word_1_315' title='bbox 823 3210 861 3273; x_wconf 93' lang='lat' dir='ltr'>od</span> <span class='ocrx_word' id='word_1_316' title='bbox 878 3228 972 3274; x_wconf 88' lang='lat' dir='ltr'>tisoni</span> <span class='ocrx_word' id='word_1_317' title='bbox 989 3212 1074 3275; x_wconf 90' lang='lat' dir='ltr'>cele·</span> <span class='ocrx_word' id='word_1_318' title='bbox 1130 3214 1199 3293; x_wconf 83' lang='lat' dir='ltr'>pule</span> <span class='ocrx_word' id='word_1_319' title='bbox 1216 3213 1249 3275; x_wconf 91' lang='lat' dir='ltr'>iu</span> <span class='ocrx_word' id='word_1_320' title='bbox 1268 3213 1317 3276; x_wconf 88' lang='lat' dir='ltr'>iiii</span> <span class='ocrx_word' id='word_1_321' title='bbox 1336 3213 1461 3291; x_wconf 86' lang='lat' dir='ltr'>publica</span> <span class='ocrx_word' id='word_1_322' title='bbox 1488 3219 1646 3291; x_wconf 87' lang='lat' dir='ltr'>apertum,</span> <span class='ocrx_word' id='word_1_323' title='bbox 1678 3212 1790 3277; x_wconf 88' lang='lat' dir='ltr'>babere</span> <span class='ocrx_word' id='word_1_324' title='bbox 1808 3214 1889 3293; x_wconf 83' lang='lat' dir='ltr'>possit</span> 
     </span>
    </p>
   </div>
   <div class='ocr_carea' id='block_1_3' title="bbox 286 3305 1970 3392">
    <p class='ocr_par' dir='ltr' id='par_1_3' title="bbox 286 3305 1970 3392">
     <span class='ocr_line' id='line_1_30' title="bbox 286 3305 1970 3392; baseline 0.002 -24"><span class='ocrx_word' id='word_1_325' title='bbox 286 3305 400 3370; x_wconf 86' lang='lat' dir='ltr'>brundi</span> <span class='ocrx_word' id='word_1_326' title='bbox 417 3327 554 3384; x_wconf 87' lang='lat' dir='ltr'>sacrum,</span> <span class='ocrx_word' id='word_1_327' title='bbox 572 3311 826 3390; x_wconf 78' lang='lat' dir='ltr'>indigebititota</span> <span class='ocrx_word' id='word_1_328' title='bbox 843 3312 1072 3390; x_wconf 89' lang='lat' dir='ltr'>approbatione</span> <span class='ocrx_word' id='word_1_329' title='bbox 1125 3313 1218 3376; x_wconf 92' lang='lat' dir='ltr'>aliam</span> <span class='ocrx_word' id='word_1_330' title='bbox 1243 3311 1398 3374; x_wconf 86' lang='lat' dir='ltr'>minorem</span> <span class='ocrx_word' id='word_1_331' title='bbox 1422 3311 1650 3392; x_wconf 87' lang='lat' dir='ltr'>juutiumquae</span> <span class='ocrx_word' id='word_1_332' title='bbox 1680 3312 1889 3391; x_wconf 89' lang='lat' dir='ltr'>priiatiutdo·</span> <span class='ocrx_word' id='word_1_333' title='bbox 1969 3339 1970 3346; x_wconf 62' lang='lat'>.</span> 
     </span>
    </p>
   </div>
   <div class='ocr_carea' id='block_1_4' title="bbox 286 3411 1888 3796">
    <p class='ocr_par' dir='ltr' id='par_1_4' title="bbox 286 3411 1888 3594">
     <span class='ocr_line' id='line_1_31' title="bbox 287 3411 1888 3500; baseline 0 -28"><span class='ocrx_word' id='word_1_334' title='bbox 287 3411 481 3477; x_wconf 86' lang='lat' dir='ltr'>ordineiii...</span> <span class='ocrx_word' id='word_1_335' title='bbox 499 3415 655 3497; x_wconf 79' lang='lat' dir='ltr'>(Furnio.</span> <span class='ocrx_word' id='word_1_336' title='bbox 676 3419 763 3482; x_wconf 83' lang='lat' dir='ltr'>verb.</span> <span class='ocrx_word' id='word_1_337' title='bbox 778 3419 973 3496; x_wconf 79' lang='lat' dir='ltr'>oratorium,</span> <span class='ocrx_word' id='word_1_338' title='bbox 987 3422 1073 3500; x_wconf 65' lang='lat' dir='ltr'>nili</span> <span class='ocrx_word' id='word_1_339' title='bbox 1126 3431 1213 3478; x_wconf 91' lang='lat' dir='ltr'>mutu</span> <span class='ocrx_word' id='word_1_340' title='bbox 1230 3411 1277 3476; x_wconf 87' lang='lat' dir='ltr'>rel</span> <span class='ocrx_word' id='word_1_341' title='bbox 1305 3413 1434 3494; x_wconf 85' lang='lat' dir='ltr'>ptiiotoe</span> <span class='ocrx_word' id='word_1_342' title='bbox 1456 3413 1572 3474; x_wconf 77' lang='lat' dir='ltr'>bortrus</span> <span class='ocrx_word' id='word_1_343' title='bbox 1589 3416 1709 3475; x_wconf 89' lang='lat' dir='ltr'>atrium</span> <span class='ocrx_word' id='word_1_344' title='bbox 1726 3412 1888 3490; x_wconf 84' lang='lat' dir='ltr'>respiciens,</span> 
     </span>
     <span class='ocr_line' id='line_1_32' title="bbox 286 3512 1887 3594; baseline -0.002 -21"><span class='ocrx_word' id='word_1_345' title='bbox 286 3521 316 3573; x_wconf 86' lang='lat' dir='ltr'>et</span> <span class='ocrx_word' id='word_1_346' title='bbox 332 3515 397 3590; x_wconf 70' lang='lat' dir='ltr'>iti.)</span> <span class='ocrx_word' id='word_1_347' title='bbox 1128 3517 1310 3594; x_wconf 76' lang='lat' dir='ltr'>iitgressnni</span> <span class='ocrx_word' id='word_1_348' title='bbox 1334 3531 1397 3576; x_wconf 87' lang='lat' dir='ltr'>riou</span> <span class='ocrx_word' id='word_1_349' title='bbox 1417 3512 1570 3576; x_wconf 91' lang='lat' dir='ltr'>omnibus</span> <span class='ocrx_word' id='word_1_350' title='bbox 1595 3512 1736 3574; x_wconf 88' lang='lat' dir='ltr'>liberunt</span> <span class='ocrx_word' id='word_1_351' title='bbox 1762 3512 1887 3590; x_wconf 81' lang='lat' dir='ltr'>prebeat,</span> 
     </span>
    </p>

    <p class='ocr_par' dir='ltr' id='par_1_5' title="bbox 287 3612 1888 3796">
     <span class='ocr_line' id='line_1_33' title="bbox 328 3612 1887 3698; baseline 0 -26"><span class='ocrx_word' id='word_1_352' title='bbox 328 3613 394 3674; x_wconf 87' lang='lat' dir='ltr'>Vll.</span> <span class='ocrx_word' id='word_1_353' title='bbox 420 3614 463 3674; x_wconf 89' lang='lat' dir='ltr'>De</span> <span class='ocrx_word' id='word_1_354' title='bbox 478 3617 571 3696; x_wconf 80' lang='lat' dir='ltr'>quoii</span> <span class='ocrx_word' id='word_1_355' title='bbox 590 3617 729 3698; x_wconf 71' lang='lat' dir='ltr'>publicis</span> <span class='ocrx_word' id='word_1_356' title='bbox 751 3621 915 3682; x_wconf 78' lang='lat' dir='ltr'>oratoriis.</span> <span class='ocrx_word' id='word_1_357' title='bbox 935 3654 972 3667; x_wconf 94' lang='lat'><em>-</em></span> <span class='ocrx_word' id='word_1_358' title='bbox 987 3619 1074 3684; x_wconf 81' lang='lat' dir='ltr'>luter</span> <span class='ocrx_word' id='word_1_359' title='bbox 1126 3615 1180 3676; x_wconf 89' lang='lat' dir='ltr'>sed</span> <span class='ocrx_word' id='word_1_360' title='bbox 1199 3614 1277 3676; x_wconf 90' lang='lat' dir='ltr'>solis</span> <span class='ocrx_word' id='word_1_361' title='bbox 1292 3612 1499 3684; x_wconf 85' lang='lat' dir='ltr'>domesticis,</span> <span class='ocrx_word' id='word_1_362' title='bbox 1525 3613 1716 3694; x_wconf 86' lang='lat' dir='ltr'>inquorum</span> <span class='ocrx_word' id='word_1_363' title='bbox 1734 3613 1887 3691; x_wconf 83' lang='lat' dir='ltr'>unicegri·</span> 
     </span>
     <span class='ocr_line' id='line_1_34' title="bbox 287 3711 1888 3796; baseline 0 -24"><span class='ocrx_word' id='word_1_364' title='bbox 287 3712 424 3775; x_wconf 90' lang='lat' dir='ltr'>oratoria</span> <span class='ocrx_word' id='word_1_365' title='bbox 440 3714 569 3794; x_wconf 89' lang='lat' dir='ltr'>proprie</span> <span class='ocrx_word' id='word_1_366' title='bbox 590 3717 717 3796; x_wconf 86' lang='lat' dir='ltr'>publice</span> <span class='ocrx_word' id='word_1_367' title='bbox 734 3725 765 3781; x_wconf 92' lang='lat' dir='ltr'>el</span> <span class='ocrx_word' id='word_1_368' title='bbox 783 3719 920 3782; x_wconf 85' lang='lat' dir='ltr'>oratoria</span> <span class='ocrx_word' id='word_1_369' title='bbox 938 3720 1073 3783; x_wconf 87' lang='lat' dir='ltr'>omuino</span> <span class='ocrx_word' id='word_1_370' title='bbox 1128 3716 1202 3778; x_wconf 89' lang='lat' dir='ltr'>linio</span> <span class='ocrx_word' id='word_1_371' title='bbox 1223 3716 1378 3794; x_wconf 83' lang='lat' dir='ltr'>aperitur.</span> <span class='ocrx_word' id='word_1_372' title='bbox 1405 3715 1486 3776; x_wconf 83' lang='lat' dir='ltr'>Tuiu</span> <span class='ocrx_word' id='word_1_373' title='bbox 1504 3714 1597 3776; x_wconf 88' lang='lat' dir='ltr'>eliani</span> <span class='ocrx_word' id='word_1_374' title='bbox 1617 3713 1771 3791; x_wconf 84' lang='lat' dir='ltr'>quierilur</span> <span class='ocrx_word' id='word_1_375' title='bbox 1785 3729 1850 3774; x_wconf 91' lang='lat' dir='ltr'>nuni</span> <span class='ocrx_word' id='word_1_376' title='bbox 1863 3711 1888 3772; x_wconf 91' lang='lat' dir='ltr'>in</span> 
     </span>
    </p>
   </div>
   <div class='ocr_carea' id='block_1_5' title="bbox 285 3803 1969 3898">
    <p class='ocr_par' dir='ltr' id='par_1_6' title="bbox 285 3803 1969 3898">
     <span class='ocr_line' id='line_1_35' title="bbox 285 3803 1969 3898; baseline 0 -26"><span class='ocrx_word' id='word_1_377' title='bbox 285 3809 408 3890; x_wconf 89' lang='lat' dir='ltr'>priiala</span> <span class='ocrx_word' id='word_1_378' title='bbox 438 3820 600 3877; x_wconf 79' lang='lat' dir='ltr'>intersunt</span> <span class='ocrx_word' id='word_1_379' title='bbox 625 3816 686 3880; x_wconf 88' lang='lat' dir='ltr'>alia</span> <span class='ocrx_word' id='word_1_380' title='bbox 708 3817 844 3882; x_wconf 87' lang='lat' dir='ltr'>oratoria</span> <span class='ocrx_word' id='word_1_381' title='bbox 872 3836 945 3898; x_wconf 80' lang='lat' dir='ltr'>titlae</span> <span class='ocrx_word' id='word_1_382' title='bbox 973 3819 1071 3882; x_wconf 89' lang='lat' dir='ltr'>simul</span> <span class='ocrx_word' id='word_1_383' title='bbox 1126 3816 1267 3880; x_wconf 90' lang='lat' dir='ltr'>oratorio</span> <span class='ocrx_word' id='word_1_384' title='bbox 1290 3815 1419 3894; x_wconf 86' lang='lat' dir='ltr'>publico</span> <span class='ocrx_word' id='word_1_385' title='bbox 1446 3815 1595 3878; x_wconf 81' lang='lat' dir='ltr'>fenestra</span> <span class='ocrx_word' id='word_1_386' title='bbox 1619 3814 1651 3876; x_wconf 91' lang='lat' dir='ltr'>iu</span> <span class='ocrx_word' id='word_1_387' title='bbox 1679 3815 1843 3893; x_wconf 85' lang='lat' dir='ltr'>purioribus</span> <span class='ocrx_word' id='word_1_388' title='bbox 1857 3811 1889 3874; x_wconf 88' lang='lat' dir='ltr'>ei·</span> <span class='ocrx_word' id='word_1_389' title='bbox 1968 3803 1969 3812; x_wconf 75' lang='grc'>’</span> 
     </span>
    </p>
   </div>
   <div class='ocr_carea' id='block_1_6' title="bbox 285 3913 1888 4500">
    <p class='ocr_par' dir='ltr' id='par_1_7' title="bbox 285 3913 1888 4500">
     <span class='ocr_line' id='line_1_36' title="bbox 288 3913 1887 4003; baseline 0.003 -32"><span class='ocrx_word' id='word_1_390' title='bbox 288 3913 411 3991; x_wconf 81' lang='lat' dir='ltr'>privile</span> <span class='ocrx_word' id='word_1_391' title='bbox 431 3923 462 3977; x_wconf 91' lang='lat' dir='ltr'>ot</span> <span class='ocrx_word' id='word_1_392' title='bbox 485 3916 612 3996; x_wconf 86' lang='lat' dir='ltr'>publiea</span> <span class='ocrx_word' id='word_1_393' title='bbox 633 3935 705 3982; x_wconf 90' lang='lat' dir='ltr'>esse</span> <span class='ocrx_word' id='word_1_394' title='bbox 729 3927 883 3998; x_wconf 88' lang='lat' dir='ltr'>possuul;</span> <span class='ocrx_word' id='word_1_395' title='bbox 903 3932 932 3986; x_wconf 93' lang='lat' dir='ltr'>et</span> <span class='ocrx_word' id='word_1_396' title='bbox 957 3921 1072 4003; x_wconf 89' lang='lat' dir='ltr'>bujus·</span> <span class='ocrx_word' id='word_1_397' title='bbox 1126 3919 1202 3998; x_wconf 82' lang='lat' dir='ltr'>litigi</span> <span class='ocrx_word' id='word_1_398' title='bbox 1221 3925 1352 3997; x_wconf 77' lang='lat' dir='ltr'>niteant,</span> <span class='ocrx_word' id='word_1_399' title='bbox 1370 3925 1437 3979; x_wconf 91' lang='lat' dir='ltr'>nte</span> <span class='ocrx_word' id='word_1_400' title='bbox 1458 3915 1591 3995; x_wconf 84' lang='lat' dir='ltr'>piitutis</span> <span class='ocrx_word' id='word_1_401' title='bbox 1625 3915 1781 3978; x_wconf 84' lang='lat' dir='ltr'>cubiculis</span> <span class='ocrx_word' id='word_1_402' title='bbox 1796 3913 1887 3976; x_wconf 87' lang='lat' dir='ltr'>doure·</span> 
     </span>
     <span class='ocr_line' id='line_1_37' title="bbox 287 4010 1887 4101; baseline 0.003 -31"><span class='ocrx_word' id='word_1_403' title='bbox 287 4010 374 4073; x_wconf 93' lang='lat' dir='ltr'>tttodi</span> <span class='ocrx_word' id='word_1_404' title='bbox 386 4015 554 4092; x_wconf 85' lang='lat' dir='ltr'>approbari</span> <span class='ocrx_word' id='word_1_405' title='bbox 570 4020 754 4095; x_wconf 90' lang='lat' dir='ltr'>possuntab</span> <span class='ocrx_word' id='word_1_406' title='bbox 768 4022 935 4101; x_wconf 85' lang='lat' dir='ltr'>episeopo,</span> <span class='ocrx_word' id='word_1_407' title='bbox 951 4030 986 4087; x_wconf 88' lang='lat' dir='ltr'>ut</span> <span class='ocrx_word' id='word_1_408' title='bbox 999 4042 1072 4088; x_wconf 91' lang='lat' dir='ltr'>ocni</span> <span class='ocrx_word' id='word_1_409' title='bbox 1130 4019 1205 4082; x_wconf 87' lang='lat' dir='ltr'>stici</span> <span class='ocrx_word' id='word_1_410' title='bbox 1222 4022 1254 4082; x_wconf 91' lang='lat' dir='ltr'>iti</span> <span class='ocrx_word' id='word_1_411' title='bbox 1275 4017 1409 4082; x_wconf 88' lang='lat' dir='ltr'>oroloria</span> <span class='ocrx_word' id='word_1_412' title='bbox 1429 4017 1599 4096; x_wconf 82' lang='lat' dir='ltr'>respicere,</span> <span class='ocrx_word' id='word_1_413' title='bbox 1620 4027 1718 4098; x_wconf 86' lang='lat' dir='ltr'>nique</span> <span class='ocrx_word' id='word_1_414' title='bbox 1733 4017 1772 4078; x_wconf 90' lang='lat' dir='ltr'>ila</span> <span class='ocrx_word' id='word_1_415' title='bbox 1791 4034 1806 4078; x_wconf 90' lang='lat' dir='ltr'>a</span> <span class='ocrx_word' id='word_1_416' title='bbox 1827 4014 1887 4076; x_wconf 85' lang='lat' dir='ltr'>reli·</span> 
     </span>
     <span class='ocr_line' id='line_1_38' title="bbox 285 4113 1888 4201; baseline -0.003 -21"><span class='ocrx_word' id='word_1_417' title='bbox 285 4114 451 4176; x_wconf 55' lang='lat' dir='ltr'>seminudi</span> <span class='ocrx_word' id='word_1_418' title='bbox 478 4113 645 4180; x_wconf 87' lang='lat' dir='ltr'>doctorum</span> <span class='ocrx_word' id='word_1_419' title='bbox 675 4127 810 4184; x_wconf 89' lang='lat' dir='ltr'>testatur</span> <span class='ocrx_word' id='word_1_420' title='bbox 830 4124 954 4189; x_wconf 84' lang='lat' dir='ltr'>Ferrar.</span> <span class='ocrx_word' id='word_1_421' title='bbox 965 4167 970 4178; x_wconf 92' lang='lat'>.</span> <span class='ocrx_word' id='word_1_422' title='bbox 983 4127 1072 4190; x_wconf 74' lang='lat' dir='ltr'>reeb.</span> <span class='ocrx_word' id='word_1_423' title='bbox 1127 4121 1200 4201; x_wconf 90' lang='lat' dir='ltr'>quis</span> <span class='ocrx_word' id='word_1_424' title='bbox 1213 4121 1368 4183; x_wconf 91' lang='lat' dir='ltr'>otnuibus</span> <span class='ocrx_word' id='word_1_425' title='bbox 1381 4118 1532 4198; x_wconf 71' lang='lat' dir='ltr'>scrinioli,</span> <span class='ocrx_word' id='word_1_426' title='bbox 1545 4119 1653 4180; x_wconf 84' lang='lat' dir='ltr'>inissie</span> <span class='ocrx_word' id='word_1_427' title='bbox 1663 4136 1699 4180; x_wconf 90' lang='lat' dir='ltr'>ae</span> <span class='ocrx_word' id='word_1_428' title='bbox 1712 4114 1838 4179; x_wconf 87' lang='lat' dir='ltr'>orationi</span> <span class='ocrx_word' id='word_1_429' title='bbox 1850 4131 1888 4176; x_wconf 88' lang='lat' dir='ltr'>ts·</span> 
     </span>
     <span class='ocr_line' id='line_1_39' title="bbox 287 4209 1886 4306; baseline 0.003 -36"><span class='ocrx_word' id='word_1_430' title='bbox 287 4209 485 4288; x_wconf 78' lang='lat' dir='ltr'>oratorium,</span> <span class='ocrx_word' id='word_1_431' title='bbox 504 4217 767 4282; x_wconf 76' lang='lat' dir='ltr'>n.23:‹iPotest</span> <span class='ocrx_word' id='word_1_432' title='bbox 785 4223 1074 4306; x_wconf 86' lang='lat' dir='ltr'>tameuepiseopus</span> <span class='ocrx_word' id='word_1_433' title='bbox 1127 4222 1239 4284; x_wconf 78' lang='lat' dir='ltr'>sistere</span> <span class='ocrx_word' id='word_1_434' title='bbox 1273 4226 1305 4282; x_wconf 88' lang='lat' dir='ltr'>et</span> <span class='ocrx_word' id='word_1_435' title='bbox 1338 4237 1448 4284; x_wconf 88' lang='lat' dir='ltr'>tueare</span> <span class='ocrx_word' id='word_1_436' title='bbox 1480 4218 1618 4300; x_wconf 88' lang='lat' dir='ltr'>possint.</span> <span class='ocrx_word' id='word_1_437' title='bbox 1661 4218 1834 4296; x_wconf 77' lang='lat' dir='ltr'>Negatiraur</span> <span class='ocrx_word' id='word_1_438' title='bbox 1861 4215 1886 4276; x_wconf 93' lang='lat' dir='ltr'>iu</span> 
     </span>
     <span class='ocr_line' id='line_1_40' title="bbox 286 4311 1887 4400; baseline 0 -28"><span class='ocrx_word' id='word_1_439' title='bbox 286 4311 463 4377; x_wconf 86' lang='lat' dir='ltr'>concedere</span> <span class='ocrx_word' id='word_1_440' title='bbox 486 4313 645 4380; x_wconf 84' lang='lat' dir='ltr'>licentiam</span> <span class='ocrx_word' id='word_1_441' title='bbox 665 4319 810 4400; x_wconf 84' lang='lat' dir='ltr'>erigendi</span> <span class='ocrx_word' id='word_1_442' title='bbox 838 4323 1014 4386; x_wconf 87' lang='lat' dir='ltr'>oratorium</span> <span class='ocrx_word' id='word_1_443' title='bbox 1039 4325 1073 4388; x_wconf 93' lang='lat' dir='ltr'>in</span> <span class='ocrx_word' id='word_1_444' title='bbox 1128 4329 1262 4399; x_wconf 80' lang='lat' dir='ltr'>utraque</span> <span class='ocrx_word' id='word_1_445' title='bbox 1284 4319 1461 4398; x_wconf 74' lang='lat' dir='ltr'>pumilione</span> <span class='ocrx_word' id='word_1_446' title='bbox 1483 4325 1595 4381; x_wconf 86' lang='lat' dir='ltr'>teuent</span> <span class='ocrx_word' id='word_1_447' title='bbox 1616 4317 1771 4390; x_wconf 86' lang='lat' dir='ltr'>Barbosa,</span> <span class='ocrx_word' id='word_1_448' title='bbox 1790 4322 1842 4377; x_wconf 85' lang='lat' dir='ltr'>ete.</span> <span class='ocrx_word' id='word_1_449' title='bbox 1857 4313 1887 4374; x_wconf 82' lang='lat' dir='ltr'>ll</span> 
     </span>
     <span class='ocr_line' id='line_1_41' title="bbox 286 4413 1887 4500; baseline 0.001 -27"><span class='ocrx_word' id='word_1_450' title='bbox 286 4413 383 4475; x_wconf 89' lang='lat' dir='ltr'>domo</span> <span class='ocrx_word' id='word_1_451' title='bbox 399 4413 534 4496; x_wconf 85' lang='lat' dir='ltr'>priuata,</span> <span class='ocrx_word' id='word_1_452' title='bbox 549 4428 582 4480; x_wconf 91' lang='lat' dir='ltr'>et</span> <span class='ocrx_word' id='word_1_453' title='bbox 597 4419 679 4482; x_wconf 91' lang='lat' dir='ltr'>inibi</span> <span class='ocrx_word' id='word_1_454' title='bbox 703 4437 759 4500; x_wconf 87' lang='lat' dir='ltr'>pei</span> <span class='ocrx_word' id='word_1_455' title='bbox 784 4425 914 4486; x_wconf 87' lang='lat' dir='ltr'>modurn</span> <span class='ocrx_word' id='word_1_456' title='bbox 945 4427 1074 4490; x_wconf 81' lang='lat' dir='ltr'>babitus</span> <span class='ocrx_word' id='word_1_457' title='bbox 1128 4423 1383 4500; x_wconf 83' lang='lat' dir='ltr'>proellrrruatitu</span> <span class='ocrx_word' id='word_1_458' title='bbox 1406 4423 1582 4497; x_wconf 87' lang='lat' dir='ltr'>sententio,</span> <span class='ocrx_word' id='word_1_459' title='bbox 1606 4419 1642 4482; x_wconf 95' lang='lat' dir='ltr'>in</span> <span class='ocrx_word' id='word_1_460' title='bbox 1667 4437 1741 4493; x_wconf 90' lang='lat' dir='ltr'>una,</span> <span class='ocrx_word' id='word_1_461' title='bbox 1771 4419 1887 4494; x_wconf 85' lang='lat' dir='ltr'>lienique</span> 
     </span>
    </p>
   </div>
   <div class='ocr_carea' id='block_1_7' title="bbox 286 4515 1967 4596">
    <p class='ocr_par' dir='ltr' id='par_1_8' title="bbox 286 4515 1967 4596">
     <span class='ocr_line' id='line_1_42' title="bbox 286 4515 1967 4596; baseline 0.001 -23"><span class='ocrx_word' id='word_1_462' title='bbox 286 4528 415 4592; x_wconf 86' lang='lat' dir='ltr'>temper</span> <span class='ocrx_word' id='word_1_463' title='bbox 439 4516 622 4580; x_wconf 86' lang='lat' dir='ltr'>celebrandi</span> <span class='ocrx_word' id='word_1_464' title='bbox 632 4540 643 4594; x_wconf 68' lang='grc' dir='ltr'>ς</span> <span class='ocrx_word' id='word_1_465' title='bbox 672 4521 847 4585; x_wconf 86' lang='lat' dir='ltr'>dummodo</span> <span class='ocrx_word' id='word_1_466' title='bbox 878 4527 939 4589; x_wconf 90' lang='lat' dir='ltr'>tale</span> <span class='ocrx_word' id='word_1_467' title='bbox 971 4535 1075 4589; x_wconf 89' lang='lat' dir='ltr'>orato·</span> <span class='ocrx_word' id='word_1_468' title='bbox 1127 4523 1225 4586; x_wconf 87' lang='lat' dir='ltr'>altero</span> <span class='ocrx_word' id='word_1_469' title='bbox 1256 4521 1436 4596; x_wconf 85' lang='lat' dir='ltr'>ouiestione</span> <span class='ocrx_word' id='word_1_470' title='bbox 1459 4530 1519 4594; x_wconf 90' lang='lat' dir='ltr'>est,</span> <span class='ocrx_word' id='word_1_471' title='bbox 1540 4527 1751 4584; x_wconf 80' lang='lat' dir='ltr'>concurrente</span> <span class='ocrx_word' id='word_1_472' title='bbox 1774 4515 1887 4594; x_wconf 74' lang='lat' dir='ltr'>rellego</span> <span class='ocrx_word' id='word_1_473' title='bbox 1966 4563 1967 4574; x_wconf 66' lang='grc'><strong>.</strong></span> 
     </span>
    </p>
   </div>
   <div class='ocr_carea' id='block_1_8' title="bbox 286 4609 1887 4899">
    <p class='ocr_par' dir='ltr' id='par_1_9' title="bbox 286 4609 1887 4899">
     <span class='ocr_line' id='line_1_43' title="bbox 286 4609 1885 4705; baseline 0.001 -33"><span class='ocrx_word' id='word_1_474' title='bbox 286 4609 370 4672; x_wconf 90' lang='lat' dir='ltr'>rium</span> <span class='ocrx_word' id='word_1_475' title='bbox 389 4612 500 4676; x_wconf 87' lang='lat' dir='ltr'>babeat</span> <span class='ocrx_word' id='word_1_476' title='bbox 518 4617 684 4696; x_wconf 88' lang='lat' dir='ltr'>publicum</span> <span class='ocrx_word' id='word_1_477' title='bbox 706 4619 887 4700; x_wconf 81' lang='lat' dir='ltr'>ingressum</span> <span class='ocrx_word' id='word_1_478' title='bbox 912 4633 943 4688; x_wconf 90' lang='lat' dir='ltr'>et</span> <span class='ocrx_word' id='word_1_479' title='bbox 968 4643 1075 4705; x_wconf 82' lang='lat' dir='ltr'>egres·</span> <span class='ocrx_word' id='word_1_480' title='bbox 1126 4623 1343 4699; x_wconf 82' lang='lat' dir='ltr'>fundationis,</span> <span class='ocrx_word' id='word_1_481' title='bbox 1376 4622 1424 4686; x_wconf 89' lang='lat' dir='ltr'>tel</span> <span class='ocrx_word' id='word_1_482' title='bbox 1446 4623 1615 4701; x_wconf 81' lang='lat' dir='ltr'>privilegio</span> <span class='ocrx_word' id='word_1_483' title='bbox 1644 4621 1823 4698; x_wconf 88' lang='lat' dir='ltr'>apostolico,</span> <span class='ocrx_word' id='word_1_484' title='bbox 1848 4614 1885 4676; x_wconf 91' lang='lat' dir='ltr'>tel</span> 
     </span>
     <span class='ocr_line' id='line_1_44' title="bbox 286 4705 1886 4802; baseline 0.004 -34"><span class='ocrx_word' id='word_1_485' title='bbox 286 4727 371 4784; x_wconf 90' lang='lat' dir='ltr'>sum,</span> <span class='ocrx_word' id='word_1_486' title='bbox 395 4713 471 4790; x_wconf 88' lang='lat' dir='ltr'>quia</span> <span class='ocrx_word' id='word_1_487' title='bbox 490 4721 577 4790; x_wconf 82' lang='lat' dir='ltr'>tunc,</span> <span class='ocrx_word' id='word_1_488' title='bbox 600 4705 707 4796; x_wconf 71' lang='lat' dir='ltr'>posito</span> <span class='ocrx_word' id='word_1_489' title='bbox 734 4721 882 4799; x_wconf 81' lang='lat' dir='ltr'>ingressu</span> <span class='ocrx_word' id='word_1_490' title='bbox 900 4726 1027 4802; x_wconf 86' lang='lat' dir='ltr'>publico</span> <span class='ocrx_word' id='word_1_491' title='bbox 1044 4734 1075 4790; x_wconf 92' lang='lat' dir='ltr'>et</span> <span class='ocrx_word' id='word_1_492' title='bbox 1127 4742 1187 4787; x_wconf 93' lang='lat' dir='ltr'>usu</span> <span class='ocrx_word' id='word_1_493' title='bbox 1205 4722 1462 4795; x_wconf 85' lang='lat' dir='ltr'>immemorabili,</span> <span class='ocrx_word' id='word_1_494' title='bbox 1483 4723 1620 4794; x_wconf 87' lang='lat' dir='ltr'>Gallico,</span> <span class='ocrx_word' id='word_1_495' title='bbox 1645 4722 1691 4782; x_wconf 82' lang='lat' dir='ltr'>lie</span> <span class='ocrx_word' id='word_1_496' title='bbox 1717 4727 1827 4782; x_wconf 84' lang='lat' dir='ltr'>orator.</span> <span class='ocrx_word' id='word_1_497' title='bbox 1841 4713 1886 4776; x_wconf 84' lang='lat' dir='ltr'>do·</span> 
     </span>
     <span class='ocr_line' id='line_1_45' title="bbox 286 4815 1887 4899; baseline 0.007 -32"><span class='ocrx_word' id='word_1_498' title='bbox 286 4825 421 4886; x_wconf 85' lang='lat' dir='ltr'>egressu</span> <span class='ocrx_word' id='word_1_499' title='bbox 453 4818 580 4889; x_wconf 89' lang='lat' dir='ltr'>patente</span> <span class='ocrx_word' id='word_1_500' title='bbox 605 4815 638 4877; x_wconf 92' lang='lat' dir='ltr'>iu</span> <span class='ocrx_word' id='word_1_501' title='bbox 671 4817 830 4896; x_wconf 86' lang='lat' dir='ltr'>publicam</span> <span class='ocrx_word' id='word_1_502' title='bbox 860 4821 963 4898; x_wconf 90' lang='lat' dir='ltr'>iiuui,</span> <span class='ocrx_word' id='word_1_503' title='bbox 992 4824 1073 4889; x_wconf 91' lang='lat' dir='ltr'>illud</span> <span class='ocrx_word' id='word_1_504' title='bbox 1126 4834 1212 4886; x_wconf 82' lang='lat' dir='ltr'>tuest.</span> <span class='ocrx_word' id='word_1_505' title='bbox 1228 4841 1255 4886; x_wconf 92' lang='lat' dir='ltr'>o.</span> <span class='ocrx_word' id='word_1_506' title='bbox 1269 4825 1301 4898; x_wconf 85' lang='grc'>3,</span> <span class='ocrx_word' id='word_1_507' title='bbox 1319 4825 1386 4886; x_wconf 85' lang='lat' dir='ltr'>n.8</span> <span class='ocrx_word' id='word_1_508' title='bbox 1410 4831 1440 4886; x_wconf 92' lang='lat' dir='ltr'>et</span> <span class='ocrx_word' id='word_1_509' title='bbox 1460 4825 1491 4899; x_wconf 83' lang='grc'>9,</span> <span class='ocrx_word' id='word_1_510' title='bbox 1513 4823 1568 4886; x_wconf 88' lang='lat' dir='ltr'>ubl</span> <span class='ocrx_word' id='word_1_511' title='bbox 1592 4821 1753 4883; x_wconf 82' lang='lat' dir='ltr'>interulis</span> <span class='ocrx_word' id='word_1_512' title='bbox 1773 4819 1801 4880; x_wconf 91' lang='lat' dir='ltr'>in</span> <span class='ocrx_word' id='word_1_513' title='bbox 1826 4833 1887 4879; x_wconf 89' lang='lat' dir='ltr'>eon·</span> 
     </span>
    </p>
   </div>
   <div class='ocr_carea' id='block_1_9' title="bbox 286 4907 1966 5004">
    <p class='ocr_par' dir='ltr' id='par_1_10' title="bbox 286 4907 1966 5004">
     <span class='ocr_line' id='line_1_46' title="bbox 286 4907 1966 5004; baseline 0.006 -36"><span class='ocrx_word' id='word_1_514' title='bbox 286 4907 461 4972; x_wconf 86' lang='lat' dir='ltr'>oratorium</span> <span class='ocrx_word' id='word_1_515' title='bbox 479 4919 629 4977; x_wconf 87' lang='lat' dir='ltr'>censetur</span> <span class='ocrx_word' id='word_1_516' title='bbox 644 4915 828 4995; x_wconf 65' lang='lat' dir='ltr'>publicoru</span> <span class='ocrx_word' id='word_1_517' title='bbox 843 4921 989 5001; x_wconf 85' lang='lat' dir='ltr'>adeoque</span> <span class='ocrx_word' id='word_1_518' title='bbox 1002 4941 1074 5003; x_wconf 92' lang='lat' dir='ltr'>pro·</span> <span class='ocrx_word' id='word_1_519' title='bbox 1127 4925 1338 4988; x_wconf 76' lang='lat' dir='ltr'>irritationem</span> <span class='ocrx_word' id='word_1_520' title='bbox 1362 4923 1462 5004; x_wconf 74' lang='lat' dir='ltr'>buius</span> <span class='ocrx_word' id='word_1_521' title='bbox 1488 4941 1555 4986; x_wconf 83' lang='lat' dir='ltr'>sirie</span> <span class='ocrx_word' id='word_1_522' title='bbox 1580 4923 1749 4986; x_wconf 76' lang='lat' dir='ltr'>sortientia</span> <span class='ocrx_word' id='word_1_523' title='bbox 1770 4917 1886 4984; x_wconf 85' lang='lat' dir='ltr'>alituu·</span> <span class='ocrx_word' id='word_1_524' title='bbox 1964 4955 1966 4996; x_wconf 38' lang='lat' dir='ltr'>i</span> 
     </span>
    </p>
   </div>
   <div class='ocr_carea' id='block_1_10' title="bbox 286 5009 1885 5205">
    <p class='ocr_par' dir='ltr' id='par_1_11' title="bbox 286 5009 1885 5205">
     <span class='ocr_line' id='line_1_47' title="bbox 286 5009 1884 5105; baseline 0.003 -36"><span class='ocrx_word' id='word_1_525' title='bbox 286 5009 553 5085; x_wconf 87' lang='lat' dir='ltr'>prinouclorilelo</span> <span class='ocrx_word' id='word_1_526' title='bbox 571 5021 677 5093; x_wconf 90' lang='lat' dir='ltr'>potest</span> <span class='ocrx_word' id='word_1_527' title='bbox 693 5017 853 5096; x_wconf 76' lang='lat' dir='ltr'>designari</span> <span class='ocrx_word' id='word_1_528' title='bbox 873 5021 1074 5104; x_wconf 80' lang='lat' dir='ltr'>abepiscopo</span> <span class='ocrx_word' id='word_1_529' title='bbox 1127 5027 1199 5088; x_wconf 85' lang='lat' dir='ltr'>livre</span> <span class='ocrx_word' id='word_1_530' title='bbox 1222 5026 1313 5088; x_wconf 86' lang='lat' dir='ltr'>alleri</span> <span class='ocrx_word' id='word_1_531' title='bbox 1343 5024 1503 5105; x_wconf 84' lang='lat' dir='ltr'>synodum</span> <span class='ocrx_word' id='word_1_532' title='bbox 1537 5024 1792 5105; x_wconf 73' lang='lat' dir='ltr'>Beneuentanum</span> <span class='ocrx_word' id='word_1_533' title='bbox 1825 5014 1884 5078; x_wconf 88' lang='lat' dir='ltr'>auiti</span> 
     </span>
     <span class='ocr_line' id='line_1_48' title="bbox 286 5102 1885 5205; baseline 0.011 -41"><span class='ocrx_word' id='word_1_534' title='bbox 286 5102 325 5164; x_wconf 94' lang='lat' dir='ltr'>ud</span> <span class='ocrx_word' id='word_1_535' title='bbox 338 5105 484 5169; x_wconf 88' lang='lat' dir='ltr'>ditinum</span> <span class='ocrx_word' id='word_1_536' title='bbox 502 5110 621 5173; x_wconf 91' lang='lat' dir='ltr'>cultum</span> <span class='ocrx_word' id='word_1_537' title='bbox 655 5120 685 5175; x_wconf 88' lang='lat' dir='ltr'>et</span> <span class='ocrx_word' id='word_1_538' title='bbox 703 5113 740 5175; x_wconf 91' lang='lat' dir='ltr'>ad</span> <span class='ocrx_word' id='word_1_539' title='bbox 757 5114 1006 5183; x_wconf 84' lang='lat' dir='ltr'>celebrationem</span> <span class='ocrx_word' id='word_1_540' title='bbox 1023 5139 1075 5184; x_wconf 91' lang='lat' dir='ltr'>sa·</span> <span class='ocrx_word' id='word_1_541' title='bbox 1128 5129 1216 5196; x_wconf 80' lang='lat' dir='ltr'>isti.</span> <span class='ocrx_word' id='word_1_542' title='bbox 1235 5126 1284 5188; x_wconf 90' lang='lat' dir='ltr'>tit.</span> <span class='ocrx_word' id='word_1_543' title='bbox 1298 5145 1331 5200; x_wconf 84' lang='lat' dir='ltr'>r,</span> <span class='ocrx_word' id='word_1_544' title='bbox 1349 5143 1418 5202; x_wconf 89' lang='lat' dir='ltr'>cap.</span> <span class='ocrx_word' id='word_1_545' title='bbox 1433 5127 1465 5200; x_wconf 72' lang='lat'>2,</span> <span class='ocrx_word' id='word_1_546' title='bbox 1485 5125 1517 5186; x_wconf 93' lang='lat' dir='ltr'>iii</span> <span class='ocrx_word' id='word_1_547' title='bbox 1534 5142 1601 5205; x_wconf 81' lang='lat' dir='ltr'>qtto</span> <span class='ocrx_word' id='word_1_548' title='bbox 1622 5123 1755 5189; x_wconf 86' lang='lat' dir='ltr'>babetur</span> <span class='ocrx_word' id='word_1_549' title='bbox 1768 5144 1777 5184; x_wconf 80' lang='lat' dir='ltr'>s</span> <span class='ocrx_word' id='word_1_550' title='bbox 1790 5143 1803 5176; x_wconf 80' lang='grc' dir='ltr'>ι</span> <span class='ocrx_word' id='word_1_551' title='bbox 1815 5117 1885 5180; x_wconf 84' lang='lat' dir='ltr'>AEdi·</span> 
     </span>
    </p>
   </div>
   <div class='ocr_carea' id='block_1_11' title="bbox 285 5205 1884 5914">
    <p class='ocr_par' dir='ltr' id='par_1_12' title="bbox 285 5205 1884 5814">
     <span class='ocr_line' id='line_1_49' title="bbox 285 5205 1884 5299; baseline 0.009 -28"><span class='ocrx_word' id='word_1_552' title='bbox 285 5205 410 5270; x_wconf 81' lang='lat' dir='ltr'>criboii.</span> <span class='ocrx_word' id='word_1_553' title='bbox 436 5209 510 5272; x_wconf 78' lang='lat' dir='ltr'>»Et</span> <span class='ocrx_word' id='word_1_554' title='bbox 526 5211 558 5272; x_wconf 92' lang='lat' dir='ltr'>iu</span> <span class='ocrx_word' id='word_1_555' title='bbox 584 5212 740 5277; x_wconf 88' lang='lat' dir='ltr'>addition.</span> <span class='ocrx_word' id='word_1_556' title='bbox 767 5234 806 5278; x_wconf 86' lang='lat' dir='ltr'>ei</span> <span class='ocrx_word' id='word_1_557' title='bbox 837 5217 940 5282; x_wconf 92' lang='lat' dir='ltr'>eliena</span> <span class='ocrx_word' id='word_1_558' title='bbox 963 5239 1072 5298; x_wconf 89' lang='lat' dir='ltr'>manu,</span> <span class='ocrx_word' id='word_1_559' title='bbox 1127 5226 1346 5288; x_wconf 84' lang='lat' dir='ltr'>bontionentel</span> <span class='ocrx_word' id='word_1_560' title='bbox 1368 5225 1685 5288; x_wconf 87' lang='lat' dir='ltr'>usutnoratorinrum</span> <span class='ocrx_word' id='word_1_561' title='bbox 1702 5223 1741 5284; x_wconf 87' lang='lat' dir='ltr'>iia</span> <span class='ocrx_word' id='word_1_562' title='bbox 1756 5215 1884 5299; x_wconf 74' lang='lat' dir='ltr'>episcopi</span> 
     </span>
     <span class='ocr_line' id='line_1_50' title="bbox 287 5309 1883 5416; baseline -0.006 -28"><span class='ocrx_word' id='word_1_563' title='bbox 287 5309 389 5370; x_wconf 60' lang='grc' dir='ltr'>ΝΜ</span> <span class='ocrx_word' id='word_1_564' title='bbox 408 5312 1074 5391; x_wconf 60' lang='lat' dir='ltr'>e¹Siliodicitur:uPotissimrdillerentia</span> <span class='ocrx_word' id='word_1_565' title='bbox 1127 5345 1199 5390; x_wconf 89' lang='lat' dir='ltr'>euni</span> <span class='ocrx_word' id='word_1_566' title='bbox 1224 5327 1255 5389; x_wconf 87' lang='lat' dir='ltr'>iil</span> <span class='ocrx_word' id='word_1_567' title='bbox 1284 5326 1349 5388; x_wconf 90' lang='lat' dir='ltr'>illis</span> <span class='ocrx_word' id='word_1_568' title='bbox 1369 5325 1456 5406; x_wconf 84' lang='lat' dir='ltr'>justu</span> <span class='ocrx_word' id='word_1_569' title='bbox 1480 5326 1521 5389; x_wconf 91' lang='lat' dir='ltr'>de</span> <span class='ocrx_word' id='word_1_570' title='bbox 1548 5343 1645 5388; x_wconf 87' lang='lat' dir='ltr'>causa</span> <span class='ocrx_word' id='word_1_571' title='bbox 1671 5321 1883 5416; x_wconf 80' lang='lat' dir='ltr'>concedendum</span> 
     </span>
     <span class='ocr_line' id='line_1_51' title="bbox 287 5413 1883 5507; baseline 0.004 -35"><span class='ocrx_word' id='word_1_572' title='bbox 287 5413 642 5495; x_wconf 86' lang='lat' dir='ltr'>oratoriumpublieum</span> <span class='ocrx_word' id='word_1_573' title='bbox 659 5419 743 5485; x_wconf 86' lang='lat' dir='ltr'>iulet</span> <span class='ocrx_word' id='word_1_574' title='bbox 760 5425 980 5488; x_wconf 87' lang='lat' dir='ltr'>otoraloriuui</span> <span class='ocrx_word' id='word_1_575' title='bbox 1008 5427 1074 5507; x_wconf 82' lang='lat' dir='ltr'>pri·</span> <span class='ocrx_word' id='word_1_576' title='bbox 1129 5427 1233 5490; x_wconf 84' lang='lat' dir='ltr'>uisum</span> <span class='ocrx_word' id='word_1_577' title='bbox 1265 5428 1376 5502; x_wconf 85' lang='lat' dir='ltr'>luerit,</span> <span class='ocrx_word' id='word_1_578' title='bbox 1404 5427 1597 5498; x_wconf 86' lang='lat' dir='ltr'>concedant.</span> <span class='ocrx_word' id='word_1_579' title='bbox 1629 5433 1662 5490; x_wconf 89' lang='lat' dir='ltr'>ut</span> <span class='ocrx_word' id='word_1_580' title='bbox 1692 5432 1797 5504; x_wconf 81' lang='lat' dir='ltr'>preter</span> <span class='ocrx_word' id='word_1_581' title='bbox 1817 5421 1883 5482; x_wconf 87' lang='lat' dir='ltr'>iores</span> 
     </span>
     <span class='ocr_line' id='line_1_52' title="bbox 289 5521 1883 5612; baseline 0.004 -32"><span class='ocrx_word' id='word_1_582' title='bbox 289 5525 396 5581; x_wconf 84' lang='lat' dir='ltr'>iulum</span> <span class='ocrx_word' id='word_1_583' title='bbox 422 5521 455 5583; x_wconf 91' lang='lat' dir='ltr'>iii</span> <span class='ocrx_word' id='word_1_584' title='bbox 477 5537 517 5584; x_wconf 93' lang='lat' dir='ltr'>eo</span> <span class='ocrx_word' id='word_1_585' title='bbox 545 5525 646 5602; x_wconf 90' lang='lat' dir='ltr'>positu</span> <span class='ocrx_word' id='word_1_586' title='bbox 665 5535 725 5600; x_wconf 82' lang='lat' dir='ltr'>est,</span> <span class='ocrx_word' id='word_1_587' title='bbox 743 5530 829 5606; x_wconf 83' lang='lat' dir='ltr'>quod</span> <span class='ocrx_word' id='word_1_588' title='bbox 860 5529 939 5590; x_wconf 93' lang='lat' dir='ltr'>illud</span> <span class='ocrx_word' id='word_1_589' title='bbox 957 5529 1075 5596; x_wconf 85' lang='lat' dir='ltr'>babere</span> <span class='ocrx_word' id='word_1_590' title='bbox 1129 5548 1185 5612; x_wconf 87' lang='lat' dir='ltr'>per</span> <span class='ocrx_word' id='word_1_591' title='bbox 1199 5547 1309 5609; x_wconf 77' lang='lat' dir='ltr'>quasa</span> <span class='ocrx_word' id='word_1_592' title='bbox 1327 5529 1460 5608; x_wconf 82' lang='lat' dir='ltr'>priuatis</span> <span class='ocrx_word' id='word_1_593' title='bbox 1476 5529 1629 5592; x_wconf 90' lang='lat' dir='ltr'>domibus</span> <span class='ocrx_word' id='word_1_594' title='bbox 1642 5529 1678 5592; x_wconf 90' lang='lat' dir='ltr'>td</span> <span class='ocrx_word' id='word_1_595' title='bbox 1691 5546 1725 5590; x_wconf 89' lang='lat' dir='ltr'>ea</span> <span class='ocrx_word' id='word_1_596' title='bbox 1742 5528 1809 5598; x_wconf 81' lang='lat' dir='ltr'>itur,</span> <span class='ocrx_word' id='word_1_597' title='bbox 1821 5522 1883 5585; x_wconf 81' lang='lat' dir='ltr'>iliis</span> 
     </span>
     <span class='ocr_line' id='line_1_53' title="bbox 288 5617 1882 5714; baseline 0.001 -29"><span class='ocrx_word' id='word_1_598' title='bbox 288 5617 382 5682; x_wconf 83' lang='lat' dir='ltr'>debet</span> <span class='ocrx_word' id='word_1_599' title='bbox 395 5620 528 5699; x_wconf 87' lang='lat' dir='ltr'>januam</span> <span class='ocrx_word' id='word_1_600' title='bbox 545 5631 686 5703; x_wconf 86' lang='lat' dir='ltr'>apertam</span> <span class='ocrx_word' id='word_1_601' title='bbox 704 5627 736 5689; x_wconf 91' lang='lat' dir='ltr'>iri</span> <span class='ocrx_word' id='word_1_602' title='bbox 756 5628 804 5690; x_wconf 89' lang='lat' dir='ltr'>iia</span> <span class='ocrx_word' id='word_1_603' title='bbox 824 5631 969 5694; x_wconf 89' lang='lat' dir='ltr'>otuoium</span> <span class='ocrx_word' id='word_1_604' title='bbox 1000 5633 1074 5697; x_wconf 88' lang='lat' dir='ltr'>usui</span> <span class='ocrx_word' id='word_1_605' title='bbox 1128 5633 1206 5697; x_wconf 91' lang='lat' dir='ltr'>ilem</span> <span class='ocrx_word' id='word_1_606' title='bbox 1224 5631 1372 5704; x_wconf 85' lang='lat' dir='ltr'>iubeant,</span> <span class='ocrx_word' id='word_1_607' title='bbox 1386 5631 1597 5711; x_wconf 82' lang='lat' dir='ltr'>quibusatia</span> <span class='ocrx_word' id='word_1_608' title='bbox 1611 5624 1882 5714; x_wconf 81' lang='lat' dir='ltr'>poblica‚omnibit</span> 
     </span>
     <span class='ocr_line' id='line_1_54' title="bbox 289 5721 1519 5814; baseline 0.009 -34"><span class='ocrx_word' id='word_1_609' title='bbox 289 5721 408 5814; x_wconf 85' lang='lat' dir='ltr'>patenti</span> <span class='ocrx_word' id='word_1_610' title='bbox 429 5731 496 5787; x_wconf 89' lang='lat' dir='ltr'>eta</span> <span class='ocrx_word' id='word_1_611' title='bbox 523 5726 718 5805; x_wconf 85' lang='lat' dir='ltr'>priuatorum</span> <span class='ocrx_word' id='word_1_612' title='bbox 739 5725 904 5794; x_wconf 85' lang='lat' dir='ltr'>bominum</span> <span class='ocrx_word' id='word_1_613' title='bbox 930 5731 1076 5798; x_wconf 88' lang='lat' dir='ltr'>dominio</span> <span class='ocrx_word' id='word_1_614' title='bbox 1129 5732 1224 5796; x_wconf 89' lang='lat' dir='ltr'>eliani</span> <span class='ocrx_word' id='word_1_615' title='bbox 1241 5729 1348 5795; x_wconf 89' lang='lat' dir='ltr'>aditus</span> <span class='ocrx_word' id='word_1_616' title='bbox 1370 5739 1519 5810; x_wconf 71' lang='lat' dir='ltr'>pateat.»</span> 
     </span>
    </p>

    <p class='ocr_par' dir='ltr' id='par_1_13' title="bbox 291 5827 1880 5914">
     <span class='ocr_line' id='line_1_55' title="bbox 291 5827 1880 5914; baseline -0.009 -12"><span class='ocrx_word' id='word_1_617' title='bbox 291 5827 1060 5914; x_wconf 67' lang='lat' dir='ltr'>uemlliltllltloitiueamplitudinis,quenlieom</span> <span class='ocrx_word' id='word_1_618' title='bbox 1169 5829 1313 5895; x_wconf 84' lang='lat' dir='ltr'>oratoria</span> <span class='ocrx_word' id='word_1_619' title='bbox 1330 5830 1422 5913; x_wconf 78' lang='lat' dir='ltr'>quasi</span> <span class='ocrx_word' id='word_1_620' title='bbox 1452 5831 1578 5914; x_wconf 86' lang='lat' dir='ltr'>publiea</span> <span class='ocrx_word' id='word_1_621' title='bbox 1596 5831 1731 5913; x_wconf 72' lang='lat' dir='ltr'>gaudent</span> <span class='ocrx_word' id='word_1_622' title='bbox 1752 5836 1880 5911; x_wconf 77' lang='lat' dir='ltr'>precepi·</span> 
     </span>
    </p>
   </div>
   <div class='ocr_carea' id='block_1_12' title="bbox 1961 6331 1963 6415">
    <p class='ocr_par' dir='ltr' id='par_1_14' title="bbox 1961 6273 1963 6415">
     <span class='ocr_line' id='line_1_56' title="bbox 1961 6331 1963 6415; baseline 0 0"><span class='ocrx_word' id='word_1_623' title='bbox 1961 6331 1963 6415; x_wconf 83' lang='lat' dir='ltr'>t</span> 
     </span>
    </p>
   </div>
   <div class='ocr_carea' id='block_1_13' title="bbox 0 0 2007 6452">
    <p class='ocr_par' dir='ltr' id='par_1_15' title="bbox 0 0 2007 6452">
     <span class='ocr_line' id='line_1_57' title="bbox 0 0 2007 6452; baseline 0 0"><span class='ocrx_word' id='word_1_624' title='bbox 0 0 2007 6452; x_wconf 95' lang='lat' dir='ltr'> </span> 
     </span>
    </p>
   </div>
  </div>
 </body>
</html>
