4042 6458
273 403 328 468 tta
786 385 899 475 ιιιιιιε
919 415 1096 478 canonica
1116 414 1377 481 contusarum.
1847 373 1929 486 uo⁸
2009 351 2010 420 ἕ

270 525 410 589 humana
438 526 551 590 deluat
574 527 692 590 matari
714 527 824 607 aliquo
850 529 968 592 modat
984 551 1000 588 ι
1015 560 1055 575 —-
1113 531 1233 605 sitatis,
1263 532 1348 595 sicut
1375 530 1617 615 supradictum
1641 525 1700 614 pst,
1717 544 1831 616 quaest.
1846 539 1900 606 eo,

271 627 395 706 ltesp...
414 627 540 706 Duplex
564 644 658 690 casssa
684 635 787 707 potest
811 629 986 710 essequod
1004 629 1053 692 lex
1109 641 1169 700 art.
1206 633 1263 696 3...
1290 636 1328 696 lit
1359 636 1541 699 secundum
1564 635 1624 699 hoc
1652 636 1903 716 distinguuntur

266 726 355 804 juste
376 735 541 792 mutatur:
564 747 625 792 una
650 731 782 810 quidem
798 748 837 794 ει
855 739 942 811 parte
959 730 1057 794 ratio-
1111 735 1199 814 leges
1218 733 1367 798 liumaoae
1390 735 1570 798 sennodum
1593 736 1720 801 diversa
1737 737 1901 818 regimina

270 829 374 894 nia...
407 831 477 893 Alia
495 848 570 895 aero
586 850 623 895 ει
646 839 732 910 parte
760 831 943 906 hominum,
979 847 1057 914 quo·
1108 834 1285 898 civitatum.
1311 835 1455 910 Quoram
1480 852 1594 908 mrum,
1619 837 1799 900 secundum
1828 837 1905 900 Phi·

158 1009 163 1016 Ι
271 949 342 994 rum
371 937 460 995 actus
480 931 551 1012 lege
574 931 781 1012 regulantur3
809 931 860 994 lex
880 939 965 994 rorte
986 947 1057 993 mu·
1110 932 1336 1011 losophum,in
1349 951 1386 994 ιιι
1401 933 1529 996 Ροιιιιε.
1546 951 1614 1012 cap.
1629 932 1675 1006 ιιι,
1692 941 1739 996 εει
1753 953 1903 1016 reanum,

269 1034 328 1098 tari
347 1039 450 1113 potest
465 1041 593 1113 propter
608 1033 816 1096 mutationem
833 1030 1056 1095 conditionum
1108 1031 1239 1111 quando
1261 1031 1385 1095 scilicet
1402 1033 1514 1094 salvitas
1537 1033 1735 1114 gubernatur
1751 1034 1792 1097 ab
1814 1050 1904 1106 uno;

270 1134 451 1211 hominum,
463 1133 773 1214 quibussecundum
785 1132 929 1196 diversas
943 1146 1056 1194 eorum
1108 1141 1139 1196 et
1154 1133 1331 1196 secundum
1355 1132 1415 1196 hoc
1431 1134 1634 1214 accipiuntur
1656 1136 1904 1200 constitutiones

270 1235 474 1298 conditiones
488 1233 615 1297 diversa
631 1233 824 1312 expediunt,
841 1231 925 1294 sicut
942 1235 1056 1310 augu-
1105 1236 1298 1315 principum.
1313 1233 1408 1297 aliud
1423 1250 1498 1297 vero
1510 1235 1654 1316 regimen
1667 1244 1714 1298 est
1726 1239 1907 1300 aristocra-

270 1333 377 1398 stinus
411 1334 501 1415 ponit
528 1333 712 1413 exemplum
744 1334 776 1395 in
804 1331 859 1395 lto.
885 1350 908 1407 ι,
932 1331 974 1392 Ue
999 1329 1055 1394 lib.
1109 1333 1166 1405 tio,
1178 1332 1209 1394 id
1225 1334 1481 1414 estprincipatus
1494 1333 1687 1414 optimorum
1700 1335 1905 1416 veloptima-

269 1437 385 1500 arbitr.
405 1455 475 1516 cap.
498 1437 528 1509 6,
553 1453 570 1498 a
597 1435 713 1514 princ,
733 1434 821 1516 quod
856 1433 883 1496 si
915 1433 1056 1512 populus
1109 1441 1251 1510 tum3et
1267 1437 1448 1514 secundum
1468 1433 1529 1498 hoc
1551 1443 1724 1500 sumuntur
1742 1454 1903 1516 responsa
2009 1419 2010 1422 ¹

271 1537 313 1601 sit
328 1539 409 1602 bene
425 1537 606 1599 moderatus
623 1543 653 1598 ει
672 1535 792 1617 grauis,
811 1533 1057 1614 communisque
1105 1536 1309 1618 prudentum,
1327 1544 1357 1599 et
1382 1537 1479 1599 etiam
1494 1536 1774 1600 senatusconsulta.
1800 1537 1903 1600 Aliud
2009 1525 2010 1584 3

270 1636 421 1700 utilitatis
446 1632 719 1714 diligentissimus
743 1637 865 1705 custos,
896 1636 981 1692 recte
1006 1627 1055 1689 lex

270 1735 385 1810 fertur,
402 1753 465 1814 qua
481 1734 536 1796 tali
555 1734 674 1812 partulo
685 1732 777 1795 liceat
792 1747 900 1794 creare
913 1728 975 1790 sibi
993 1743 1059 1790 rua·

271 1838 442 1916 gistralus,
465 1852 522 1913 per
543 1848 626 1914 quos
652 1828 832 1910 respublica
854 1826 1058 1890 administre-

272 1947 335 1998 tur.
361 1937 478 2007 Porro,
502 1932 530 1995 si
556 1931 707 2011 paulatim
733 1929 818 1992 idern
836 1926 976 2007 populus
997 1925 1055 1986 de-

272 2043 422 2117 pravatus
440 2035 554 2097 habeat
571 2031 683 2096 venale
699 2031 902 2112 suffragium,
921 2034 953 2091 ει
969 2025 1057 2106 regi-

272 2153 346 2200 men
358 2133 527 2214 flagitiosis
537 2131 962 2212 sceleratisquecommittal‚
974 2132 1058 2190 recta

271 2233 424 2300 adimitur
437 2232 562 2314 populo
597 2232 678 2306 talis
696 2237 835 2312 potestas
866 2228 963 2293 dandi
996 2226 1055 2290 ho·

272 2353 381 2408 nores,
396 2335 479 2399 etad
496 2350 669 2413 paucorum
687 2333 846 2396 bonorum
863 2329 948 2392 redit
968 2327 1056 2390 arbi·

272 2437 383 2499 trium.
402 2458 417 2494 ι
445 2435 528 2510 Quia
544 2435 577 2498 in
596 2434 654 2496 hac
669 2432 788 2514 agendi
804 2431 927 2494 radone
945 2425 1057 2508 populi

271 2538 434 2603 luduntur
445 2537 499 2617 Jus
515 2538 657 2600 naturale
672 2541 703 2596 ει
719 2534 837 2596 bonum
853 2545 1035 2594 commune.

312 2641 350 2702 Ut
369 2639 414 2700 id.
431 2637 527 2699 diveas
542 2635 655 2698 Thero.
671 2631 749 2697 ibid.
766 2633 860 2696 arti
882 2653 891 2692 ι
914 2651 929 2687 ι
946 2629 1057 2691 Utrum

273 2739 326 2802 lex
354 2739 493 2802 humana
521 2752 648 2814 semper
675 2734 717 2798 sit
746 2731 908 2803 motando,
928 2729 1058 2809 quando

273 2839 413 2906 occurrit
436 2836 560 2918 aliquid
585 2831 757 2898 meliosi»
775 2865 813 2878 -
831 2855 845 2889 ι
865 2831 923 2893 Sed
950 2835 1057 2892 contra

273 2939 421 3020 estquod
442 2937 562 3001 dicitur
583 2936 617 2997 in
641 2933 793 3003 decretis,
810 2931 885 2993 dist.
904 2931 952 3002 ta,
969 2945 996 2990 c.
1013 2929 1032 2990 5
1048 2947 1057 2989 s

272 3039 455 3103 Ridiculum
477 3045 534 3112 cst,
551 3045 579 3098 ct
593 3036 670 3096 sctis
693 3029 899 3094 abominabile
914 3026 1058 3100 dedecus,

178 3166 181 3174 ·
272 3149 310 3202 ut
337 3137 536 3206 traditiones,
561 3153 637 3214 quos
663 3132 881 3212 antiquitusu
911 3126 1058 3209 putribus

274 3237 477 3319 suscepimus,
504 3235 641 3315 infringi
659 3234 832 3314 potiamur.
857 3264 891 3276 -
913 3229 1061 3306 Respon-

274 3341 389 3402 deo....
422 3335 516 3398 habet
545 3341 650 3396 autem
684 3332 753 3411 ipsa
783 3329 863 3409 logis
902 3325 1058 3402 mutatio,

274 3445 430 3520 quantum
455 3435 489 3498 in
514 3452 547 3496 sa
569 3440 628 3508 εει,
654 3430 881 3495 detrimentum
898 3425 1059 3508 quoddam

274 3537 456 3603 eommunis
486 3537 618 3610 salutis,
647 3532 723 3614 quia
755 3531 795 3595 ad
822 3528 1059 3594 observantiam

273 3641 381 3720 legum
398 3638 572 3720 plurimum
590 3638 672 3700 valet
692 3633 905 3707 consuetudo,
928 3630 962 3693 in
988 3635 1059 3692 tan·

274 3749 342 3805 tum
368 3740 454 3822 quod
494 3757 530 3802 ea
557 3755 630 3819 quae
654 3743 763 3800 contra
789 3729 1060 3796 cousuetudinem

244 3911 247 3922 Λ
273 3841 366 3914 flunt,
382 3838 508 3903 etiamsi
523 3838 585 3900 sint
599 3835 719 3899 leviora
735 3836 775 3896 ιιε
789 3850 836 3906 se,
852 3829 997 3910 graviora
1013 3825 1062 3891 vi-

274 3939 404 4002 dentur.
420 3937 510 4000 Unde
526 3937 656 4013 quando
672 3941 812 3996 mutatur
829 3931 892 4004 lex,
903 3926 1061 3991 diminui·

275 4048 329 4102 tur
345 4039 393 4100 uis
410 4037 614 4102 constrictius
631 4034 725 4114 legis,
744 4033 778 4095 in
795 4035 951 4110 quasnam
971 4026 1060 4091 lolli·

276 4147 329 4203 tur
353 4135 567 4214 consuetudo.
610 4137 649 4196 Et
672 4134 745 4196 ideo
770 4145 936 4210 nunquam
967 4127 1063 4189 debet

277 4239 393 4302 mutari
417 4237 470 4299 lex
490 4236 639 4308 humana,
660 4235 723 4296 nisi
753 4251 792 4294 ex
808 4231 869 4295 alia
888 4239 977 4312 parte
993 4236 1063 4293 tan·

276 4345 623 4416 turnrecompensetur
644 4332 932 4412 communisaluti,
960 4347 1063 4411 quan·

276 4451 344 4506 tum
367 4459 407 4504 ει
437 4441 497 4502 ista
523 4447 609 4516 parte
633 4437 849 4515 derogatur.»
872 4433 962 4498 Unde
986 4447 1063 4495 con·

277 4540 472 4606 cludendum
493 4544 541 4601 est
560 4555 577 4600 a
597 4536 725 4600 fortiori
749 4534 902 4615 gubernii
927 4533 1062 4596 formam

278 4641 454 4722 presertim
484 4640 659 4718 langaran
688 4655 751 4700 oon
774 4655 846 4700 essa
863 4637 1062 4708 mutandam

280 4757 353 4802 stam
373 4747 409 4801 ut
421 4737 556 4801 liabetur
577 4738 608 4800 in
631 4754 753 4801 canone
769 4736 992 4816 supracitato:
1010 4734 1066 4798 lli·

279 4839 419 4903 diculum
435 4847 491 4911 est,
509 4849 536 4901 ει
551 4841 629 4900 sutis
651 4838 856 4901 abominabile
870 4836 1014 4910 dedecus,
1030 4842 1066 4898 ut

280 4937 467 5003 traditiones
479 4956 555 5016 quus
566 4939 740 5018 antiquitus
754 4956 774 4999 a
785 4937 933 5018 patribus
961 4952 1066 4998 susce·

277 5041 395 5121 pimus,
410 5039 546 5121 infriuqi
555 5041 728 5119 potiamur.
745 5039 921 5102 Praesertim
936 5037 1066 5118 quando

182 5183 183 5186 =
279 5140 1063 5221 esmutationejustitiaetjusnaturalelauluntur.

332 5243 347 5318 fi
364 5245 383 5299 ι.
404 5273 438 5284 -
455 5243 494 5298 Ue
509 5242 594 5298 variis
608 5241 733 5314 gubernii
751 5242 847 5299 lormis
859 5243 887 5298 in
902 5257 1014 5314 genera.

320 5341 357 5401 U.
374 5338 510 5399 Thomas
528 5337 587 5410 1-2,
602 5343 714 5416 quest.
726 5337 777 5412 95,
790 5337 834 5398 Ue
844 5337 908 5416 lcpc
920 5336 1066 5409 bumana,

1110 1637 1252 1718 regimen
1275 1644 1323 1700 eat
1342 1635 1527 1718 oliparcbia,
1556 1637 1588 1700 id
1617 1644 1676 1712 est,
1698 1637 1904 1718 principatus

1110 1753 1283 1818 paucorum
1303 1736 1440 1800 divitum
1462 1744 1493 1799 et
1520 1743 1761 1816 potentatuusu3
1782 1744 1818 1800 et
1846 1755 1903 1798 se·
2009 1745 2010 1768 t

1109 1839 1251 1900 eundum
1275 1835 1336 1899 hoc
1356 1837 1498 1900 sumitur
1516 1838 1572 1917 jus
1594 1837 1791 1916 praetoriana,
1811 1836 1903 1916 quod

1109 1939 1314 2002 ltonorurium
1344 1937 1476 2002 dicitur.
1499 1935 1595 1998 atiud
1618 1945 1726 1998 autem
1753 1935 1902 2014 regimen

1110 2047 1158 2102 cst
1175 2040 1299 2118 propoli,
1317 2039 1404 2119 quod
1426 2037 1610 2101 nominatur
1631 2035 1847 2104 democratia:
1872 2043 1904 2096 et

1110 2139 1290 2202 secundum
1318 2137 1381 2202 lsoc
1406 2147 1582 2201 sumuntur
1597 2137 1773 2218 plebicistc.
1798 2135 1902 2198 aliua

1108 2243 1215 2300 autem
1246 2244 1295 2299 est
1322 2237 1536 2318 tyrannicum,
1563 2237 1649 2318 quod
1685 2246 1733 2297 est
1762 2227 1913 2297 omuino

1109 2343 1307 2414 corruptum.
1324 2335 1412 2398 Unde
1428 2353 1469 2397 ex
1487 2335 1546 2398 hoc
1562 2351 1626 2397 non
1641 2332 1902 2412 sarmituraliqna

1109 2435 1174 2498 lex.
1214 2436 1269 2497 Est
1297 2434 1391 2498 etiam
1419 2435 1551 2516 aliquod
1579 2421 1724 2514 regimen
1757 2451 1797 2494 ex
1828 2431 1901 2494 istis

1108 2539 1325 2614 commistum,
1349 2537 1436 2618 quod
1457 2543 1504 2598 cst
1522 2534 1697 2616 nptironm;
1721 2540 1752 2594 et
1778 2550 1900 2594 secun·

1108 2636 1252 2699 dumlroc
1262 2636 1401 2697 sumitur
1414 2635 1465 2696 lex
1475 2653 1566 2716 quom
1576 2634 1708 2716 majores
1717 2641 1795 2694 nutu
1805 2632 1902 2694 simul

1109 2755 1178 2798 cum
1211 2735 1352 2816 plebibus
1379 2744 1569 2808 sanxerunt,
1588 2741 1620 2796 ul
1637 2733 1783 2794 lsidorus
1800 2731 1893 2798 dicit,

1112 2835 1168 2898 lib.
1194 2854 1213 2894 u
1235 2836 1464 2915 Etymolopior.
1492 2851 1561 2911 cau.
1584 2836 1633 2908 ta,
1662 2841 1693 2896 ει
1710 2833 1847 2894 liabetur
1865 2831 1898 2893 in

1113 2951 1181 3013 cap.
1199 2935 1266 2996 Lecc
1282 2939 1312 3010 1,
1331 2933 1406 2996 dist.
1421 2935 1452 2995 2.

1163 3050 1177 3122 ι
1191 3051 1227 3106 ιι.
1241 3081 1276 3091 -
1291 3050 1329 3106 Ue
1343 3050 1427 3106 uariis
1440 3048 1565 3118 gubernii
1580 3049 1673 3105 lormis
1696 3049 1723 3104 in
1744 3049 1847 3120 specie.

1149 3157 1175 3218 1.
1200 3154 1408 3226 democratia,
1430 3171 1493 3234 qua
1508 3161 1553 3216 tot
1565 3154 1728 3234 juvenum
1744 3151 1901 3231 imagina-

1110 3256 1217 3319 tiones
1243 3256 1455 3330 seducuntur,
1486 3256 1562 3334 qnia
1586 3271 1654 3317 eane
1683 3253 1781 3316 ueluti
1800 3251 1901 3332 prede·

1109 3355 1248 3420 ctionem
1280 3355 1407 3427 liabent,
1437 3371 1501 3417 non
1526 3363 1574 3416 est
1606 3361 1711 3416 terocn
1736 3351 1899 3414 communi

1110 3455 1196 3521 bono
1235 3455 1351 3520 utilior
1378 3473 1437 3520 nec
1475 3455 1576 3537 magis
1609 3458 1775 3518 duratura.
1809 3453 1899 3516 Nulla

1111 3557 1230 3622 etenim
1257 3559 1384 3620 natiue
1411 3554 1606 3619 democratia
1633 3554 1785 3630 inroepit3
1814 3569 1899 3614 nun-

1110 3677 1273 3742 quamque
1293 3676 1367 3722 vera
1383 3658 1575 3721 democratia
1599 3654 1805 3720 exsistit-nec
1820 3653 1902 3715 exsi-
1963 3642 1968 3652 '

1111 3768 1196 3822 atero
1222 3766 1337 3840 potest.
1358 3759 1452 3830 Vera,
1475 3753 1646 3835 completa,
1673 3752 1823 3817 radiculis
1843 3753 1899 3814 de·

1111 3857 1263 3922 mocratia
1277 3856 1421 3936 exigeret
1437 3861 1471 3918 ut
1484 3853 1594 3916 omnia
1606 3853 1747 3940 nationis
1762 3851 1898 3932 alicujus

1111 3955 1273 4032 membra,
1297 3969 1411 4017 omnes
1438 3952 1473 4014 in
1496 3951 1627 4031 juribus
1654 3951 1796 4030 aequales
1827 3967 1898 4028 per·
1933 4013 1944 4032 ‚

1113 4069 1212 4122 sone.
1229 4052 1418 4132 nequidem
1435 4050 1580 4128 exceptis
1594 4049 1899 4112 reminiscat-liberis

1113 4149 1246 4226 adultis,
1268 4150 1427 4230 aeqssatem
1450 4147 1604 4212 haberent
1624 4147 1898 4226 participationem

1113 4250 1148 4314 iu
1162 4250 1273 4328 legum
1289 4248 1490 4313 coniectione
1506 4259 1537 4312 et
1552 4249 1584 4311 in
1601 4248 1791 4311 earumdem
1805 4244 1899 4325 appli-

1114 4353 1252 4417 catione.
1266 4351 1364 4432 litqui
1380 4351 1413 4414 iu
1425 4349 1611 4430 huJusmodi
1625 4347 1899 4427 radicalismojam

1114 4453 1205 4517 adest
1218 4452 1354 4532 llagraus
1365 4460 1486 4514 naturm
1499 4459 1530 4513 ει
1536 4450 1601 4531 juri
1617 4451 1765 4512 humanm
1775 4449 1901 4512 familia

1115 4552 1309 4633 oppositum,
1338 4571 1378 4615 ne
1404 4553 1573 4634 loquamur
1590 4553 1630 4616 de
1652 4552 1726 4615 aliis
1750 4551 1901 4614 inconse-

1116 4652 1294 4725 rtientibus‚
1315 4651 1436 4732 quilius
1458 4651 1507 4713 lex
1532 4651 1687 4713 naturalis
1702 4651 1900 4714 subvertere·

1117 4758 1180 4813 tur.
1197 4750 1231 4810 ln
1246 4747 1509 4812 ninussbsoluto
1520 4747 1901 4829 gradiudnmocratiaexi·

1116 4857 1205 4929 geret
1221 4859 1267 4923 ut,
1284 4849 1310 4910 si
1330 4865 1394 4911 non
1411 4865 1524 4912 omnes
1545 4847 1647 4912 adulti
1662 4846 1827 4921 homiues,
1847 4845 1900 4910 sal·

1116 4955 1180 5012 tem
1196 4964 1308 5011 omues
1324 4948 1517 5014 familiarum
1533 4955 1637 5027 putres
1647 4947 1765 5028 aequali
1780 4947 1898 5026 jurcasl

1117 5065 1230 5113 omues
1255 5049 1500 5128 gubernatorios
1528 5059 1618 5114 actus
1646 5049 1839 5130 gauderent.
1856 5050 1900 5110 Ex

1117 5155 1311 5212 tuucautcm
1327 5149 1556 5232 unusquisque
1573 5158 1694 5230 partem
1711 5151 1810 5214 habet
1822 5157 1900 5228 pote·

1117 5246 1205 5310 statis
1219 5263 1323 5319 suam,
1336 5255 1367 5310 et
1380 5265 1474 5312 nemo
1484 5249 1732 5330 suprematiam3
1753 5249 1898 5326 proinde·

1117 5345 1899 5428 queauctoritasestubiqueetnullibi3inrisibilis

280 5435 376 5499 sicex
392 5435 516 5497 lsidoro
535 5434 629 5497 tradit
650 5435 797 5498 diversas
821 5435 1066 5516 gubernationis
1118 5449 1483 5530 esrgerqujaimparium
1497 5468 1559 5513 non
1572 5449 1774 5532 lrabetpnrin
1785 5466 1899 5531 parem,

279 5533 416 5608 s0lm⁸⁵i
441 5541 499 5596 ill·
529 5533 582 5596 Ἠ
617 5557 631 5592 l
663 5534 807 5598 lsidffl'sss
838 5535 1068 5600 ιθιιιθιιίθῐιιθι
1119 5549 1207 5612 nulla
1236 5549 1327 5612 adest
1357 5550 1566 5624 constitutio,
1586 5551 1712 5613 nullum
1735 5558 1784 5614 est
1807 5549 1901 5630 possi·

283 5633 375 5712 ponit
398 5633 593 5696 divisionem
620 5632 832 5699 humanarum
862 5637 1022 5718 legum...
1051 5661 1066 5696 ι
1118 5648 1184 5712 bile
1206 5648 1414 5728 gubernium,
1442 5650 1504 5712 uisi
1527 5650 1718 5730 delegentur
1740 5648 1899 5732 potestatis

287 5763 324 5844 .'‘
342 5753 361 5844 a·
375 5732 483 5796 serato
498 5741 546 5797 est
562 5733 601 5797 aa
617 5733 741 5798 ratione
764 5735 846 5815 tegis
871 5737 1018 5801 humanae
1033 5746 1067 5801 ut
1120 5746 1309 5826 depositarii
1326 5749 1384 5828 qm
1409 5750 1516 5830 legum
1533 5751 1776 5816 exsecutionem
1794 5766 1898 5830 prose-

285 5839 474 5896 tnsutuatur
493 5851 511 5898 a
530 5833 728 5916 gubernante
740 5839 1000 5905 communitatem
1017 5840 1066 5904 ci·
1124 5852 1275 5925 quantur,
1294 5853 1324 5910 et
1345 5847 1410 5927 jam
1434 5867 1472 5914 eo
1494 5849 1597 5931 ipsae
1620 5867 1699 5930 pura
1715 5846 1898 5914 democratia
