4042 6458
267 446 319 512 iii
780 442 891 504 tuuis
909 442 1089 504 CANONICI
1107 444 1369 511 consitutum.
1841 445 1887 512 tit

267 560 356 629 tuto,
380 559 412 622 in
429 573 490 638 qun
506 556 552 618 sin
568 555 721 617 hebetur:
737 556 763 616 T
764 553 791 614 el
803 567 846 614 est
858 553 994 614 lelutde
1004 573 1053 614 cer
1109 559 1172 620 Car
1185 558 1209 620 il
1220 569 1265 620 est
1276 560 1394 622 lerion
1406 559 1545 640 Suijeeti
1554 557 1750 621 estoteoosni
1759 559 1887 620 lennunc

265 661 394 724 sncitte's
412 655 543 720 secrites
558 656 672 718 ootssies
696 654 738 718 dn
762 655 830 718 sein
845 654 899 716 des
915 655 1054 740 tistlpres
1107 668 1260 720 creatura
1274 671 1407 739 propter
1414 657 1597 734 ileum,eioe
1612 657 1691 736 reqi,
1708 657 1801 736 quasi
1814 677 1886 736 prc-

265 762 389 847 ponrln
403 763 530 824 ruineet
543 757 622 820 dela
635 759 1054 836 rettqtoneetesuecnnee-
1108 755 1244 831 cettenet,
1260 761 1326 821 sioe
1344 757 1489 833 ducibus,
1512 768 1658 840 tanquam
1676 755 1718 818 uie
1741 775 1776 816 eo
1797 762 1888 819 oticsis

266 877 310 928 tes
320 865 387 944 de'jd
396 863 558 942 plusieurs
565 861 627 941 sois
637 861 783 940 srapples
793 859 1055 942 d'onatltlotepor
1108 856 1149 918 od
1162 855 1333 921 oiudiolom
1346 859 1592 940 malefactorum,
1609 855 1736 917 landem
1754 874 1825 916 oero
1840 855 1888 917 iro-

266 970 309 1029 lcs
327 965 467 1044 Posuisti
491 964 630 1024 rosnoins
645 959 1054 1042 nosprldlcesseurs,dons
1107 959 1326 1040 norun-qnia
1343 959 1391 1026 sic¹
1403 967 1450 1020 est
1467 958 1614 1020 uoluntas
1629 957 1699 1031 Dei,
1723 964 1760 1018 ut
1774 953 1886 1035 tenen·
1996 945 1997 956 ³

264 1070 348 1131 leurs
374 1066 481 1127 lettres
504 1060 729 1144 apostoliques,
757 1063 929 1142 lesquelles,
945 1081 1006 1143 por
1024 1064 1054 1125 lo
1109 1060 1226 1122 cientes
1255 1059 1464 1122 obmutescere
1493 1059 1622 1140 [aciatis
1651 1054 1889 1134 impncdentiun

262 1165 425 1249 plenitude
457 1164 494 1226 de
521 1175 612 1226 notre
636 1163 806 1244 pnissance
834 1162 1052 1244 apostolique,
1108 1161 1265 1223 nominum
1285 1159 1629 1240 iquorantiamequasi
1652 1157 1761 1225 liberi,
1784 1167 1811 1218 et
1835 1176 1889 1218 non

263 1283 342 1326 nous
359 1265 557 1343 confirment,
574 1264 706 1324 oculoul
725 1263 852 1342 qu'elles
875 1264 978 1325 soient
995 1264 1050 1325 ol·
1107 1257 1200 1337 quaet
1225 1256 1364 1320 velamen
1386 1259 1532 1321 labentes
1554 1259 1682 1321 malitie
1704 1257 1888 1328 libertatem.

266 1366 386 1426 seroc'es
413 1382 485 1425 noce
515 1381 561 1423 un
588 1361 693 1442 quood
720 1365 843 1426 solu...
875 1363 929 1426 Tel
952 1371 997 1424 est
1026 1363 1053 1424 le
1107 1357 1162 1419 ted
1179 1359 1260 1421 siout
1276 1360 1361 1422 cerri
1375 1360 1442 1422 uei.
1463 1359 1621 1439 sllPetr.
1636 1377 1669 1432 u,
1683 1359 1723 1420 13
1738 1359 1889 1436 sequitu
1996 1359 1997 1366 ’

265 1468 317 1529 lut
337 1465 374 1526 de
399 1464 581 1526 l’enlcralle
605 1463 748 1524 doctrine
770 1463 834 1524 dite
858 1462 900 1524 du
921 1480 1053 1528 conun-
1108 1477 1263 1522 sororem
1280 1459 1388 1524 Omnis
1402 1464 1506 1522 animo
1520 1458 1730 1541 potestatibus
1744 1457 1889 1522 sublimin-
1996 1453 1997 1472 ¹

264 1586 369 1637 nisus,
386 1565 529 1626 doctrine
545 1563 724 1624 totnlcntent
739 1565 899 1624 contraire
910 1583 951 1624 au
965 1561 1053 1623 droit
1107 1558 1198 1621 ribus
1211 1558 1340 1622 subdito
1353 1562 1397 1624 sit
1408 1581 1419 1621 :
1432 1577 1497 1620 non
1511 1571 1557 1621 est
1577 1560 1657 1621 enim
1679 1569 1820 1636 potestas
1835 1561 1889 1619 ossi

264 1667 388 1728 nntnrel
404 1665 573 1733 lui-ulmo,
591 1672 620 1722 et
633 1662 688 1740 qui
700 1678 738 1721 ne
750 1663 901 1738 pourrcit
913 1660 1054 1722 s'ttnllir
1107 1657 1218 1726 aDeo‚·
1233 1674 1300 1736 que
1315 1668 1418 1719 antem
1430 1667 1506 1719 sunt
1522 1677 1541 1718 o
1558 1659 1622 1718 Deo
1634 1657 1791 1718 ordinato
1804 1667 1888 1716 susti:

265 1784 337 1826 sans
352 1782 411 1842 que
425 1763 467 1824 les
486 1760 599 1832 drolts,
617 1761 661 1821 les
676 1759 818 1833 intirits,
837 1759 880 1820 les
896 1759 1051 1840 proprii·
1108 1759 1214 1837 itaque
1234 1759 1290 1838 qui
1305 1760 1426 1821 resistit
1441 1759 1608 1838 potestati,
1624 1757 1683 1819 Dei
1704 1755 1888 1817 ordinationi

266 1865 312 1932 te‘s
336 1863 372 1922 de
397 1871 480 1929 tons,
508 1867 537 1918 et
580 1856 610 1917 la
647 1857 762 1918 socilte'
800 1858 945 1918 nurstaine
982 1855 1054 1919 elle·
1108 1858 1602 1937 resistit:quiantemsesistnnt,
1619 1857 1684 1936 ipsi
1698 1853 1886 1918 sibidasnnc-

267 1965 373 2033 esstote,
396 1963 519 2040 [ussent
533 1958 693 2018 renuerse‘s
709 1955 871 2034 detondent
886 1957 1051 2019 cantate...
1109 1959 1225 2019 tionem
1242 1960 1424 2038 acquirunt.
1440 1958 1542 2038 (Rom.
1564 1975 1634 2030 xui,
1653 1959 1668 2019 1
1692 1967 1725 2020 et
1741 1957 1842 2038 seqq.)
1857 1991 1888 2002 -
1993 1971 1994 1986 ³

306 2066 343 2150 tlt
362 2061 394 2123 in
410 2078 466 2121 suu
484 2057 643 2136 etitqclicn
660 2059 679 2118 8
695 2055 845 2116 Decumi).
856 2055 934 2118 tutu
948 2055 1051 2120 arnhi-
1114 2059 1188 2122 i'ide
1204 2061 1420 2141 procedentes
1438 2061 1688 2125 constitutiones
1703 2063 1794 2122 Pont.
1814 2064 1886 2136 nisui

267 2159 427 2242 episeopis
439 2169 471 2220 et
486 2155 648 2234 episeopis
664 2155 762 2216 italie
773 2157 856 2224 dete,
868 2155 954 2216 idern
970 2173 1056 2218 suru-
1110 2162 1147 2224 D.
1161 2161 1285 2233 tuoni,
1298 2161 1399 2224 Cours
1415 2161 1451 2222 de
1463 2162 1549 2224 droit
1564 2180 1634 2224 con.
1655 2163 1745 2223 verit.
1767 2160 1887 2224 Sorie'te's

268 2278 339 2323 tuus
361 2257 505 2340 pontifex
529 2255 604 2316 Pius
624 2255 664 2316 ΙΧ
682 2254 770 2316 nutiit
786 2275 794 2315 ι
810 2253 915 2330 Qud-nl
936 2255 955 2314 d
976 2265 1054 2316 colit
1109 2259 1253 2334 scuriles,
1267 2259 1458 2335 Sociuiisme¹
1472 2259 1683 2322 Sdminuirem

265 2364 408 2426 doctrine
432 2359 469 2419 de
490 2354 696 2438 de'prauotiou
722 2354 793 2416 etd
820 2373 868 2416 ces
895 2354 1052 2432 sqstimes,
1149 2361 1225 2422 liuta
1255 2359 1357 2440 igitur
1379 2360 1500 2421 Christi
1527 2368 1558 2422 et
1584 2359 1724 2437 Spiritus
1753 2357 1885 2420 sencun

266 2473 336 2526 tout
359 2461 386 2522 le
408 2457 520 2523 monde
538 2459 602 2518 soit
627 2455 696 2536 dlii
712 2453 806 2534 qn'ils
821 2467 875 2516 ont
890 2473 976 2548 phone
999 2456 1055 2518 bnt
1110 2460 1260 2524 Ecclesiae
1287 2463 1432 2526 doctrine
1466 2459 1611 2524 defendit
1639 2471 1670 2522 et
1698 2467 1807 2520 tuetur
1825 2457 1886 2536 jorn

266 2561 474 2646 principalis
489 2557 644 2639 rlpandre
659 2556 736 2618 done
748 2557 775 2617 le
787 2557 914 2637 penple,
930 2559 1056 2619 euolu-
1110 2560 1293 2640 principum
1327 2560 1463 2640 leqitt'nse
1493 2561 1764 2628 constitutorum,
1795 2559 1886 2620 nteit
1989 2580 1990 2598 t

266 2663 405 2726 sonides
433 2669 512 2722 neots
535 2660 571 2724 de
596 2659 727 2720 uinciri
752 2666 780 2718 et
807 2657 983 2733 d‘sesuri,
1012 2657 1055 2721 les
1111 2661 1335 2724 sanctissimus
1363 2662 1397 2724 P.
1425 2664 1502 2724 Pius
1524 2663 1577 2736 tx,
1603 2676 1667 2722 non
1696 2671 1803 2722 nutent
1819 2658 1885 2719 inste

267 2764 475 2846 pernicieuses
491 2759 667 2822 inventione
681 2757 722 2820 du
738 2759 954 2819 oomsnnnisme
970 2769 998 2820 et
1013 2759 1056 2820 du
1112 2769 1238 2839 pernota
1255 2761 1344 2841 (soils
1358 2762 1541 2843 accompiis)
1567 2779 1627 2824 neo
1648 2761 1730 2823 tusc
1748 2771 1884 2840 turanno-

267 2865 455 2927 sooiolt'sote.
475 2863 505 2924 ll
523 2869 568 2922 est
583 2867 729 2922 constant
747 2877 804 2938 que
827 2858 871 2920 lee
888 2859 971 2940 elcese
992 2860 1055 2921 e'oit
1110 2879 1181 2923 rum
1187 2861 1274 2941 juro,
1288 2872 1382 2942 prout
1396 2863 1569 2942 distinguit
1580 2861 1803 2924 sanctissimus
1821 2878 1885 2937 pons

267 2971 309 3032 dn
322 2968 539 3032 communisme
553 2965 615 3026 soit
629 2963 671 3024 du
685 2962 872 3036 socialisme,
886 2961 955 3024 bien
971 2962 1056 3043 qu’o·
1111 2960 1190 3023 tifex
1207 2963 1283 3024 Pius
1298 2962 1357 3024 Vll
1371 2978 1480 3040 supro.
1499 2962 1626 3025 Etenim
1643 2960 1786 3041 tyranni,
1802 2976 1883 3022 usur·
1989 2952 1992 2963 '

266 3071 386 3149 qissont
400 3085 461 3147 por
472 3066 523 3128 des
536 3061 689 3125 miticies
706 3072 733 3124 et
757 3063 809 3124 des
825 3080 950 3141 moqens
965 3061 1057 3144 diffl·
1112 3065 1446 3144 pstorcsetiovesores
1457 3063 1583 3144 jurium
1599 3069 1630 3126 et
1646 3061 1885 3142 principatuum,

267 3183 365 3242 rents,
386 3177 438 3228 ont
453 3181 539 3244 pour
553 3162 607 3224 lut
622 3180 765 3222 commun
778 3162 814 3223 de
831 3164 914 3224 tenir
931 3180 970 3223 eu
984 3164 1055 3242 aqi·
1112 3165 1323 3245 reprobentur
1341 3172 1372 3227 et
1390 3165 1581 3228 damnentur
1601 3163 1642 3226 nb
1657 3163 1800 3226 Ecclesia
1816 3161 1885 3222 sieut

268 3270 372 3330 sutton
393 3263 581 3326 continnellc
604 3271 632 3324 et
654 3259 831 3323 d'lenlituer
845 3259 942 3340 peud
961 3262 1057 3340 peud
1111 3267 1151 3329 ab
1165 3265 1429 3345 nternnjustitin.
1442 3265 1646 3344 Proindeque
1665 3262 1778 3343 populi
1792 3273 1820 3322 et
1840 3279 1886 3321 oo·
1989 3247 1992 3311 J

268 3374 321 3428 elce
345 3377 429 3427 actes
443 3365 516 3444 plne
532 3359 691 3423 crisoioels
714 3377 824 3420 encore
845 3359 888 3420 les
912 3360 1056 3421 onoriers
1112 3367 1217 3428 tiones
1241 3381 1307 3428 uuu
1328 3372 1490 3436 tenuntur,
1515 3381 1574 3426 neu
1596 3362 1761 3425 usuiuurju
1783 3362 1884 3422 (iuueni

269 3479 297 3528 et
317 3465 358 3526 ies
373 3467 505 3552 ltostunes
521 3460 557 3521 de
571 3458 735 3522 condition
751 3459 936 3540 iuslrienrs,
957 3469 1056 3521 trom-
1112 3465 1258 3544 tyrannis
1269 3469 1300 3526 et
1311 3462 1558 3543 usurpatoribus
1573 3462 1720 3535 obedire,
1731 3462 1786 3522 suu
1797 3475 1886 3522 uuuu.

266 3567 322 3646 pls
334 3564 475 3646 parlenr
489 3563 618 3640 iaoqoqc
632 3559 854 3638 artificieuocet
868 3560 1057 3640 elonitspor
1112 3572 1160 3629 trn
1180 3564 1297 3626 iisdem
1327 3563 1482 3627 resistere
1506 3561 1625 3625 debent
1646 3561 1676 3623 si
1702 3569 1834 3640 possunt
1856 3557 1883 3618 u

270 3667 300 3727 la
316 3681 472 3745 ttr⁰m0⁸⁸0
486 3660 562 3722 d'nn
577 3662 640 3721 ⁶²⁰⁸
664 3658 701 3720 dt
722 3659 771 3720 1²5⁶
794 3657 868 3738 ritu
899 3659 1054 3721 deuteur-
1112 3665 1228 3738 fucere,
1244 3671 1279 3726 ut
1296 3662 1330 3724 in
1346 3663 1447 3742 cupite
1464 3661 1615 3741 sequenti
1629 3662 1768 3724 dicetur.

269 3765 314 3829 tls
336 3773 492 3844 corripient
514 3780 547 3822 se
567 3761 669 3822 seroir
692 3760 813 3820 ensuite
829 3759 866 3818 de
894 3759 979 3820 leurs
1011 3779 1057 3819 se·
1152 3765 1260 3826 Tertia
1290 3762 1444 3842 obligatio
1472 3761 1690 3842 subjectorum
1724 3770 1756 3823 et
1783 3761 1884 3840 priuci-

270 3883 361 3926 court
374 3881 459 3943 poili·
470 3875 615 3941 ultaquer
629 3860 655 3919 id
669 3859 805 3938 pontidii·
815 3857 851 3918 (ie
866 3866 952 3918 tonte
963 3868 1055 3919 aulo·
1114 3879 1189 3942 pum
1203 3864 1385 3926 communis
1399 3863 1505 3943 quoad
1521 3861 1609 3943 leges
1625 3861 1742 3924 ciuiles
1751 3906 1761 3938 t
1775 3879 1841 3942 qum
1853 3877 1884 3920 (ιχ

268 3965 331 4026 ritl
344 3961 540 4041 snplrienre,
555 3977 637 4038 pour
656 3957 765 4037 pelles,
780 3957 949 4037 dilapidet,
966 3975 1058 4018 enou-
1115 3971 1201 4041 pnrte
1223 3963 1417 4042 legislatoris
1435 3965 1555 4026 debent
1574 3980 1646 4025 esso
1667 3963 1785 4041 justo,
1808 3973 1836 4025 et
1857 3968 1884 4022 nt

271 4067 323 4127 ln'r
351 4065 393 4124 les
426 4060 605 4142 proprilte's
634 4061 670 4120 de
700 4057 830 4136 l’quise
859 4055 1000 4132 d'obord,
1029 4067 1059 4120 et
1113 4060 1247 4124 tnlesex
1270 4072 1358 4142 purte
1380 4063 1599 4143 subjectorum
1623 4062 1744 4125 debent
1770 4065 1802 4125 in
1821 4079 1885 4124 oont-

273 4165 393 4226 ensnite
413 4159 487 4221 celle
510 4157 547 4219 de
563 4167 632 4218 tous
653 4157 697 4218 les
718 4171 824 4218 autres
838 4156 1056 4235 porticulicrs,
1113 4161 1249 4225 seiuntiu
1262 4161 1439 4226 obsonum,

270 4282 355 4346 pour
379 4260 480 4322 uiolet
503 4257 585 4336 enfin
613 4266 682 4316 tous
710 4257 752 4317 les
778 4257 879 4316 droits
901 4256 1005 4319 dioins
1030 4267 1058 4319 et
1152 4259 1396 4324 Pruuotundnm
1419 4270 1466 4324 est
1489 4269 1519 4324 et
1547 4261 1789 4325 memorandum
1810 4257 1881 4340 quod

270 4363 571 4430 lcunneoinsmsnener
585 4357 616 4417 la
632 4355 827 4417 destruction
841 4355 877 4416 de
892 4357 972 4420 Dieu
986 4367 1015 4418 et
1032 4355 1059 4417 le
1114 4361 1223 4426 civilis
1256 4364 1419 4440 potestntis
1452 4361 1553 4424 fostun
1584 4361 1693 4424 liberte
1733 4360 1883 4424 tintinnum

272 4463 531 4528 ino-nleoersenttnt
546 4458 582 4519 dc
598 4465 667 4519 tout
678 4456 771 4516 ordre
785 4454 862 4516 dans
878 4458 920 4518 les
932 4459 1059 4521 soeiltls
1092 4527 1100 4542 ,
1115 4461 1266 4546 electioni
1284 4461 1435 4540 primorie
1451 4461 1559 4523 relicte
1581 4461 1775 4533 tue1·it,sun
1795 4473 1881 4518 uitreo

272 4563 388 4634 ttviltt·
406 4553 1057 4633 Dansunsiqronddonqerpourt'ttntte,
1100 4546 1250 4642 'justitie
1280 4573 1311 4624 et
1338 4563 1422 4640 juris
1453 4563 1608 4624 staturalis
1643 4557 1882 4624 immutabilibus

213 4745 216 4750 Ι
272 4667 296 4726 s'l
313 4672 356 4722 est
374 4659 409 4721 dc
421 4669 509 4720 ootre
520 4655 638 4724 devoir,
649 4653 822 4714 olstlralles
836 4653 949 4734 scires,
962 4652 999 4715 de
1010 4655 1061 4716 ol·
1117 4661 1294 4740 praeceptis,
1303 4673 1397 4741 prout
1408 4660 1881 4743 iuprecedentibusdictumest.

273 4762 384 4844 pluqes·
399 4766 498 4820 toules
514 4753 557 4815 les
571 4755 675 4834 [orces
691 4747 733 4812 du
746 4751 809 4825 sile
818 4754 962 4829 pastoral
975 4771 1060 4833 pour
1432 4761 1434 4768 ⁴

271 4864 353 4943 [nire
372 4853 574 4936 comprendrc
591 4873 633 4913 an
647 4855 759 4931 penple
771 4852 859 4934 fictile
873 4871 943 4932 que,
959 4853 1011 4916 e'il
1027 4874 1059 4916 se

274 4963 366 5028 tuisse
380 4953 570 5019 entrainerd
585 4972 634 5015 ces
650 4953 793 5032 opinions
807 4963 835 5014 et
849 4953 874 5013 d·
888 4973 937 5015 ces
959 4955 1059 5032 speti-
1156 4983 1172 5018 s
1197 4959 1243 5022 Ad
1265 4959 1370 5039 legem
1391 4963 1483 5024 verine
1503 4962 1715 5041 requiruntur
1737 4959 1881 5023 constitit-

272 5083 333 5152 enes
349 5075 489 5140 pervers,
506 5056 544 5117 ils
564 5053 592 5115 le
605 5053 796 5116 cooduiront
814 5051 906 5114 deon
920 5055 1061 5116 matteas
1116 5078 1192 5133 uos,
1217 5079 1288 5141 quin
1307 5079 1345 5122 ex
1371 5063 1446 5123 divo
1467 5063 1590 5124 isidoro
1612 5063 1828 5138 assignentur,
1854 5057 1878 5114 in

273 5152 821 5240 “mil‘'“i‘i‘i'ailmess'iernliiffi
912 5201 914 5213 ‹
1115 5178 1185 5240 unp.
1207 5161 1282 5224 Erit
1305 5173 1409 5222 autem
1433 5163 1537 5233 leri,
1563 5164 1638 5225 dist.
1668 5161 1699 5232 is,
1722 5163 1763 5222 tbi
1792 5157 1879 5218 :lt'rit

312 5263 378 5340 Qus
405 5260 448 5321 ies
470 5256 574 5349 fideles
602 5255 751 5336 cortfilsd
773 5274 828 5316 oos
850 5257 935 5318 soins
959 5259 1061 5321 soient
1116 5272 1218 5322 autent
1241 5262 1294 5322 len
1315 5261 1459 5336 nonesto,
1476 5265 1582 5341 justu,
1596 5262 1770 5341 possibilis.
1790 5275 1880 5320 secute·

273 5361 353 5423 donc
371 5361 488 5420 aoertis
513 5353 591 5436 qu'il
614 5364 658 5414 est
682 5354 826 5416 essentiel
847 5353 868 5415 d
890 5354 921 5415 la
948 5367 1062 5417 notnre
1116 5359 1190 5420 dum
1217 5370 1385 5435 naturum,
1410 5363 1576 5423 scenendune
1597 5364 1713 5440 patriae
1735 5369 1879 5423 cortsnetn·

272 5464 364 5547 estisne
380 5451 417 5519 de
432 5459 462 5520 lu
476 5453 592 5516 socie'te'
599 5455 743 5516 nursiniue
756 5470 813 5532 que
829 5461 900 5513 tous
911 5452 1061 5520 obiissent
1117 5459 1234 5534 dinem,
1267 5463 1334 5524 loco
1362 5473 1554 5541 teencpcrsqae
1572 5467 1771 5531 adinveniens,
1787 5475 1878 5520 neces·

274 5560 294 5619 d
328 5555 490 5620 l'autoritl
518 5553 737 5632 le'qitienesnent
772 5554 945 5615 constitute
982 5553 1061 5616 dous
1117 5563 1221 5634 sario,
1245 5561 1353 5633 utilis,
1375 5563 1541 5643 osarnisestn
1562 5579 1700 5642 quoque,
1720 5581 1757 5622 ne
1775 5553 1879 5635 aliquid

275 5668 353 5724 cette
367 5654 495 5724 sacilli:
512 5662 541 5714 el
555 5673 612 5733 qne
628 5655 699 5714 ritu
717 5671 756 5712 ue
768 5663 844 5732 peut
868 5655 931 5716 ltre
947 5655 1064 5734 enanql
1117 5679 1176 5740 per
1203 5663 1426 5725 obscuritatem
1454 5667 1489 5725 in
1515 5666 1692 5743 captionem
1719 5662 1877 5724 contineat,

276 5763 354 5831 ‘iudi
388 5756 432 5815 ¹⁶⁸
455 5753 616 5832 Psillilffl
647 5749 690 5812 du
715 5751 878 5830 sciuntur,
909 5756 963 5833 qui
989 5766 1072 5824 sont
1117 5760 1206 5822 nullo
1228 5764 1354 5841 privato
1380 5767 1555 5835 commodo,
1584 5765 1639 5824 sed
1661 5781 1720 5841 pro
1746 5753 1878 5822 camunni

277 5853 493 5920 inostelsdans
509 5855 552 5914 les
570 5851 687 5914 lettres
708 5853 827 5914 sncrles
848 5870 904 5914 sur
918 5873 951 5914 ee
969 5858 1060 5939 sajet.
1120 5861 1236 5922 civium
1253 5862 1391 5923 utilitate
1411 5867 1604 5943 conscripta.
1632 5866 1761 5924 lin-evius
1778 5872 1805 5922 et
1822 5857 1874 5916 clo·

1116 4825 1188 4899 tlt.
1203 4853 1236 4866 -—
1248 4825 1288 4881 De
1302 4830 1384 4884 sertis
1394 4828 1427 4883 nd
1439 4827 1524 4900 ieqeut
1538 4827 1676 4908 requisitis
1685 4825 1880 4883 conditionibus.
