4042 6458
230 432 281 496 ibt
743 429 759 487 J
764 425 855 487 uttts
876 419 1055 485 cituditdt
1075 419 1339 484 murenarum.
1809 415 1863 484 llll)

232 557 264 613 et
298 544 532 628 propugnanda
559 543 634 623 jura
660 542 727 604 sire
758 537 1018 609 individuorum,
1075 535 1155 612 tiunt
1169 535 1348 615 proprietas
1363 531 1497 612 perinde
1512 547 1548 594 ac
1564 547 1614 594 res
1634 537 1665 594 et
1680 530 1775 594 etiam
1793 552 1860 596 ure-

232 649 304 714 sire
315 633 528 729 personarum
540 641 831 718 collectionis,sire
842 639 1020 713 nationum,
1075 637 1147 698 liori
1163 638 1269 710 modo,
1286 651 1359 698 cum
1382 634 1502 698 etenim
1528 650 1579 696 res
1607 642 1777 714 nequeunt
1799 637 1862 701 nisi

232 747 303 810 sive
336 744 552 824 legitimarum
586 747 790 821 potestatem.
818 741 897 802 Cum
925 754 1020 818 ergo,
1074 735 1243 816 vijuriurn
1265 753 1336 799 esse
1352 735 1530 816 proprietas
1551 734 1702 815 alicujus.
1722 737 1865 802 Potesta-

232 851 351 927 quanta
363 846 406 906 sit
429 856 615 916 numerosa,
638 855 848 920 personarum
874 835 1021 901 collectio
1072 835 1114 898 tis
1129 837 1315 918 depositarii
1330 855 1398 901 eam
1413 837 1606 903 acceptando
1621 838 1796 918 acquirunt
1807 839 1862 918 J'us

233 946 297 1026 legi
325 943 463 1008 naturali
486 949 517 1005 et
546 948 673 1003 eternae
698 937 833 1020 justitio
856 937 1020 1014 subdatur,
1073 937 1358 1018 imprescriptibile
1376 936 1542 1000 stabilitati
1554 954 1666 1000 cornua
1680 937 1862 1011 missionis,

230 1045 464 1125 commodaque
491 1061 550 1106 sua
577 1041 761 1106 communia
792 1057 936 1119 quaerere
968 1057 1023 1102 ne·
1072 1035 1150 1100 dum
1173 1037 1396 1100 anctoritatem
1420 1045 1537 1117 gerunt
1569 1036 1778 1102 conformiter
1798 1038 1861 1119 legi

232 1157 330 1230 queat
352 1154 383 1210 et
397 1147 543 1226 regulare
561 1143 625 1207 nisi
638 1145 728 1224 juata
745 1142 827 1222 legis
849 1142 1022 1206 conformi·
1072 1154 1136 1219 qua
1154 1139 1219 1219 ipsi
1240 1141 1448 1203 dominantur
1473 1147 1505 1203 et
1529 1138 1702 1214 clausulis,
1729 1141 1757 1202 si
1781 1139 1863 1205 sorte

230 1255 339 1322 tatem,
354 1245 541 1328 hujusmodi
560 1242 707 1307 collectio
726 1259 789 1306 non
807 1250 855 1305 est
871 1257 1021 1320 suprema
1072 1239 1137 1302 sint
1152 1241 1484 1321 perconstitutionem
1509 1239 1640 1304 liberam
1667 1239 1861 1319 astipulatis.

232 1354 383 1426 potestas.
410 1343 612 1425 Suprematia
642 1357 719 1423 ergo
750 1357 814 1405 nou
839 1341 960 1405 residet
988 1341 1021 1404 in
1071 1339 1277 1404 Auctoritatis
1294 1340 1543 1420 ctsnprematiae
1559 1341 1680 1404 divinae
1704 1341 1865 1422 delegatae

232 1449 365 1527 populo,
1072 1455 1185 1504 omnes
1214 1439 1367 1520 legitimae
1393 1441 1558 1521 potestatis
1580 1441 1692 1505 terme
1715 1450 1792 1506 sunt
1824 1461 1863 1506 eo

273 1549 347 1610 Haec
373 1545 571 1627 suprematia
606 1561 670 1609 nou
701 1543 802 1625 magis
833 1543 954 1606 residet
986 1542 1019 1604 in
1072 1541 1228 1604 sensude
1246 1541 1320 1620 jure
1344 1540 1472 1617 divino,
1495 1560 1568 1605 cnm
1595 1551 1716 1605 staturas
1736 1542 1804 1623 jus,
1832 1541 1863 1607 ri

232 1649 391 1727 principe,
406 1645 439 1707 in
464 1651 620 1726 quantum
643 1653 691 1709 εει
711 1642 850 1708 bumana
873 1656 1020 1721 persona.
1072 1641 1165 1721 cujus
1181 1649 1316 1717 exstent,
1333 1642 1374 1704 sit
1396 1641 1481 1723 juris
1507 1644 1618 1705 aeterni
1648 1643 1863 1724 participatio.

231 1747 343 1810 Omnis
357 1754 496 1825 potestas
506 1753 554 1831 est
568 1743 774 1822 supremitas
790 1741 847 1804 Dei
863 1740 1021 1818 delegatio
1112 1742 1153 1804 ll.
1170 1742 1380 1822 Quocunque
1394 1743 1435 1804 sit
1451 1743 1598 1821 adoptata
1618 1743 1864 1822 gubernationis

232 1847 402 1929 quadam:
423 1845 511 1925 atqui
537 1843 648 1906 nullus
664 1844 832 1922 delegatus
845 1840 949 1916 babet,
962 1855 1022 1904 nec
1070 1841 1184 1918 leima,
1202 1843 1362 1924 seqnitur,
1379 1861 1417 1905 es
1439 1843 1607 1924 principiis
1624 1845 1656 1906 in
1679 1847 1867 1925 praecedeu-

232 1949 349 2012 babere
369 1953 472 2027 potest
488 1946 641 2026 majorem
660 1951 848 2022 potestatem
866 1950 897 2004 et
911 1954 1021 2005 aucto·
1072 1943 1158 2007 tibus
1177 1944 1337 2023 cagiitibus
1352 1943 1524 2024 expositis,
1540 1945 1629 2022 guod
1646 1961 1862 2025 personarum

232 2050 359 2113 ritatem
375 2062 470 2127 quam
485 2046 547 2124 ipsi
565 2043 690 2107 confert
702 2040 874 2122 delegatio.
889 2041 1022 2121 Delega·
1072 2056 1104 2109 et
1120 2043 1312 2107 inmidorum
1327 2045 1400 2124 jura
1417 2044 1449 2107 in
1470 2043 1539 2122 ipsa
1555 2044 1665 2106 stricte
1692 2044 1813 2108 serrari
1833 2053 1863 2108 et

233 2158 284 2212 tus
303 2143 1022 2227 sempersubjiciturdeleganti,etadelegato
1072 2144 1197 2226 protegi
1222 2145 1380 2229 debeaut3
1407 2152 1443 2206 ut
1460 2145 1649 2207 earumdem
1672 2146 1862 2226 indigentiis

167 2249 175 2266 '
231 2245 412 2328 appellatur
438 2245 478 2310 ad
509 2245 722 2326 delegantem.
758 2244 908 2322 Princeps
937 2243 1022 2304 sicut
1072 2247 1200 2310 consuli
1235 2253 1264 2308 et
1282 2246 1444 2320 satisfieri,
1464 2247 1497 2306 in
1520 2253 1678 2325 quantum
1703 2247 1865 2324 possibile

232 2346 381 2410 subditus
395 2345 460 2425 l'agi
475 2355 598 2410 nature
612 2345 798 2424 subjicitur3
815 2344 1022 2406 constituitur
1071 2344 1181 2419 luerit,
1199 2345 1332 2408 debente
1351 2363 1422 2408 nam
1441 2363 1537 2409 omne
1552 2345 1751 2425 gnberninm
1766 2346 1865 2409 stabi·

230 2447 270 2510 td
303 2444 422 2508 tuenda
445 2445 593 2507 oninium
617 2443 702 2523 jura.
730 2443 766 2503 ln
791 2447 949 2521 quantum
973 2448 1022 2502 est
1073 2445 1678 2526 lituradbonuurcommune,pctestas
1694 2448 1865 2510 enimnon

232 2552 384 2624 potestas,
407 2543 764 2624 representardivinan
781 2541 1022 2619 suprematiam,
1072 2544 1110 2606 od
1139 2546 1307 2626 proprium
1336 2545 1554 2621 commodum,
1583 2547 1640 2609 sed
1660 2548 1699 2609 ad
1730 2548 1803 2628 jura
1833 2557 1865 2610 et

231 2646 289 2708 sed
306 2662 369 2709 nou
389 2653 436 2708 est
452 2643 519 2707 haec
534 2645 741 2724 suprematia.
758 2643 920 2721 imprimis
942 2641 1020 2716 Deo,
1072 2644 1238 2707 commoda
1254 2643 1400 2706 omrrium
1425 2643 1610 2708 communia
1625 2647 1745 2708 tuenda
1771 2645 1866 2708 dele-

232 2745 351 2820 deinde
379 2743 532 2826 subjectis
558 2743 687 2807 diverso
711 2751 817 2806 temen
844 2743 1024 2806 modestiae
1072 2751 1177 2822 gater.
1216 2743 1261 2806 lla
1293 2744 1413 2824 quibus
1444 2743 1615 2824 principiis
1651 2743 1868 2824 consequitur

232 2844 444 2924 delegationis
476 2845 626 2908 exercitii
652 2845 809 2908 rationem
833 2843 942 2908 debet.
963 2845 1023 2908 Su·
1073 2859 1227 2922 personas
1244 2843 1288 2905 uti
1304 2843 1449 2923 singulas
1465 2841 1614 2919 familias,
1631 2842 1865 2905 associationes

232 2946 387 3024 prematis
398 2961 475 3025 ergo
486 2944 668 3008 essentialis
680 2944 801 3009 residet
819 2944 1021 3020 insololleO,
1073 2947 1234 3024 legitimas
1254 2947 1323 3009 sire
1353 2947 1614 3021 indiuiduorum,
1631 2945 1698 3008 sive
1724 2943 1866 3006 familia·

231 3062 249 3108 a
265 3062 331 3128 quo
346 3053 394 3110 εει
410 3046 515 3110 omnis
532 3053 685 3126 potestas.
1074 3061 1157 3123 rum,
1170 3045 1380 3128 jusstrirtum
1391 3055 1421 3109 et
1437 3046 1469 3108 in
1484 3046 1735 3126 rigochustitiee
1747 3045 1865 3108 habere

270 3145 335 3220 Qui
371 3145 506 3225 proinde
535 3145 737 3210 contendunt
765 3146 921 3227 populum
950 3163 1022 3210 esse
1073 3147 1297 3212 utaudiantur
1319 3155 1350 3210 et
1371 3145 1526 3210 satisfiunt
1551 3147 1586 3209 in
1612 3146 1682 3208 suis
1705 3146 1868 3211 iuteresse

232 3260 420 3321 supremam
448 3243 681 3324 principatum,
709 3251 740 3307 ct
768 3245 888 3308 audent
915 3245 1022 3309 dicere
1073 3247 1866 3330 etlegitimisjnribus,jnxtapossibilitatislimi-

233 3341 390 3422 populum
405 3344 443 3407 td
457 3349 547 3406 aetus
561 3360 638 3406 suos
652 3344 838 3408 validandos
853 3345 976 3409 ratione
992 3353 1023 3409 et
1076 3359 1124 3414 tes
1139 3357 1170 3412 et
1181 3349 1319 3429 justitias
1335 3350 1475 3432 regulas.
1493 3350 1582 3413 Unde
1598 3349 1769 3429 praecipua)
1786 3366 1865 3412 con-

229 3441 432 3522 justitianou
450 3441 609 3521 indigere,
620 3441 706 3504 idern
723 3440 1023 3506 manifestedocent
1073 3455 1192 3512 tractus
1218 3449 1373 3513 naturalis
1398 3446 1612 3529 obligationes
1639 3449 1805 3511 dimanant
1830 3457 1865 3510 ut

232 3558 269 3607 ac
285 3544 312 3606 si
335 3545 477 3608 dicerent
492 3546 611 3608 erroris
626 3547 872 3610 excaecationem
896 3547 1022 3611 veritati
1072 3549 1236 3629 seguiter.

232 3645 436 3726 munimime,
455 3645 645 3726 iniustitiam
659 3663 732 3710 esse
749 3646 923 3726 justitiam,
937 3649 1022 3728 jnris

232 3745 440 3808 violationem
459 3746 598 3825 esseJus
619 3747 742 3827 ipsum,
774 3747 940 3811 violentie
962 3749 1021 3812 de·

233 3847 427 3912 structiones
443 3865 515 3911 esse
544 3851 645 3912 selam
669 3848 845 3928 legitimam
866 3852 1023 3915 constitue
1112 3848 1223 3910 Prima
1246 3847 1397 3929 obligatio
1415 3856 1463 3911 est
1484 3846 1630 3910 delensio
1653 3854 1683 3910 et
1709 3847 1867 3925 protectio

234 3946 369 4020 tionem,
388 3947 516 4012 unicam
540 3949 783 4027 suprematiam.
802 3951 949 4014 Attamen
970 3952 1024 4015 liic
1073 3946 1227 4011 libertatis
1240 3947 1275 4011 in
1292 3964 1369 4012 vero
1385 3947 1474 4012 cultu
1491 3949 1559 4012 Deo
1573 3949 1696 4022 debito,
1711 3948 1799 4028 (guod
1816 3957 1865 4010 est

234 4046 341 4109 ornnis
357 4047 520 4110 societatis
542 4047 754 4112 subuersivus
780 4066 880 4124 error,
899 4051 1024 4114 scilicet
1074 4049 1212 4129 primum
1229 4051 1373 4114 naturale
1391 4049 1822 4130 personarunr,iamiliarura
1834 4059 1864 4112 et

236 4145 347 4226 populi
362 4147 570 4226 suprematia,
584 4156 631 4218 εει
648 4148 843 4228 principium
858 4158 888 4213 et
905 4150 1021 4217 iunda·
1073 4149 1179 4230 ipsius
1194 4151 1358 4215 societatis
1377 4151 1527 4216 cilicium,

236 4257 379 4311 ruentum
401 4247 516 4310 famosi
539 4247 667 4312 socialia
694 4259 886 4326 contractus,
914 4271 931 4316 a
957 4271 1022 4334 guo
1111 4251 1255 4314 Secunda
1270 4249 1420 4331 obligatio
1437 4251 1585 4316 consistit
1601 4251 1635 4314 in
1661 4251 1782 4315 tuenda
1810 4250 1861 4312 in-

235 4353 281 4412 tot
296 4347 422 4428 decepti
437 4357 513 4412 stant
528 4348 689 4413 homines.
1078 4349 1289 4414 diridnorum
1301 4349 1462 4428 libertate,
1475 4367 1548 4432 guae
1564 4360 1612 4414 est
1628 4351 1730 4430 girima
1754 4367 1864 4432 perso-

524 4506 640 4563 daedi
660 4507 718 4564 vm
1074 4469 1186 4515 nurum
1217 4451 1374 4516 naturalis
1396 4453 1587 4533 proprietas.
1618 4453 1693 4515 llaec
1719 4451 1865 4522 libertas,

442 4571 448 4578 ’
722 4547 728 4561 ’
1073 4569 1146 4634 qum
1161 4561 1209 4616 est
1223 4553 1318 4618 etiam
1341 4555 1491 4618 diuinum
1506 4554 1632 4634 dogma,
1651 4555 1768 4634 nequit
1783 4553 1864 4616 sub·

237 4609 275 4666 lle
297 4612 438 4682 reciprocis
457 4611 562 4682 jactibus
590 4623 614 4667 et
636 4611 836 4684 obligationibus
862 4618 976 4672 cationis
998 4627 1023 4672 et
1169 4655 1206 4669 ..
1397 4657 1402 4668 .
1581 4656 1587 4668 .
1651 4657 1656 4668 .

304 4683 443 4750 „mmm
464 4682 549 4737 mm,
563 4699 596 4738 η
603 4683 665 4752 jare
682 4685 800 4739 ,mmu-
812 4695 836 4740 e,
852 4687 949 4741 divino.
1070 4671 1129 4734 Jrcr
1144 4674 1207 4719 nisi
1222 4657 1434 4720 observantiae
1447 4665 1477 4720 et
1493 4657 1688 4720 obedientias
1703 4656 1743 4719 ad
1758 4655 1862 4736 legem

233 4781 286 4858 fil.
301 4813 335 4824 —
350 4781 387 4840 lte
405 4785 571 4840 necessariis
596 4784 685 4841 tacitis
706 4786 748 4840 rel
763 4789 899 4856 expressis
926 4789 1023 4845 eondi-
1074 4772 1296 4834 ⁰⁰mm⁰¹¹⁰fflr
1321 4773 1385 4838 ΨΜ
1408 4767 1529 4822 “¹⁰¹⁰ae
1567 4765 1598 4820 ⁰²
1623 4755 1765 4837 &quales
1791 4773 1864 4836 ΡΨ

272 4853 393 4909 tionibus
406 4865 565 4912 contractus
591 4856 724 4912 naturalis
741 4857 812 4913 inter
837 4859 976 4914 irationem
996 4869 1024 4916 et
1074 4857 1506 4934 scribanturcorreessiones,
1523 4876 1603 4939 qttas
1618 4865 1720 4920 slatus
1735 4856 1865 4920 socialis

270 4937 422 4995 Ff¹¹¹⁰lll⁸¹¹¹
439 4925 557 4980 ΨΜ·
1075 4977 1091 5020 a
1113 4959 1259 5039 pearsonis
1273 4960 1356 5021 inter
1371 4958 1535 5056 sexexigit.

272 5049 300 5112 l.
316 5049 429 5112 Libera
446 5047 558 5114 formae
573 5051 739 5128 potcstatis
755 5050 873 5116 electio
886 5055 1024 5122 dirersis
1116 5060 1223 5122 Tertia
1240 5058 1404 5139 obligatio,
1426 5077 1466 5122 ex
1485 5058 1630 5122 libertate
1649 5071 1862 5138 personarum

232 5148 421 5214 nationibus
435 5149 545 5212 relicta
567 5149 640 5215 luit.
669 5151 730 5215 Sed
748 5169 804 5232 per
818 5154 920 5234 ipsam
937 5167 1024 5239 pote·
1074 5161 1177 5225 oritur
1200 5161 1425 5225 associationis
1445 5161 1575 5226 libertas
1596 5161 1681 5224 inter
1715 5159 1865 5242 singulos

232 5249 323 5312 atatis
338 5248 706 5326 constitutionem,iuter
719 5251 865 5315 eamdem
876 5262 907 5316 et
919 5257 1025 5323 natio·
1073 5262 1171 5337 cives,
1188 5261 1246 5342 qui
1262 5263 1375 5326 talium
1399 5261 1652 5325 associationem
1675 5261 1863 5324 couventio-

233 5362 307 5410 nem
330 5345 503 5426 cligentem
524 5347 620 5428 pleno
632 5348 708 5429 jure
723 5350 899 5431 paciscitur
913 5353 1024 5419 bilate·
1074 5371 1131 5427 nes
1148 5362 1355 5443 particulares
1370 5363 1585 5428 determinare
1596 5362 1698 5426 libere
1714 5369 1861 5444 possunt.

233 5447 566 5524 raliscoutractus,de
577 5451 936 5534 cuiusobligatiouibus
951 5476 1022 5523 sese
1074 5464 1139 5526 Lea
1153 5472 1260 5528 autem
1275 5464 1436 5544 generatis
1452 5465 1508 5527 bas
1532 5465 1765 5528 conventiones
1791 5479 1864 5544 pre-

234 5547 371 5612 liberare
388 5550 1022 5633 absqueinjustitianeutercontractans
1074 5571 1181 5644 tegere
1207 5572 1238 5628 et
1263 5582 1374 5629 earnm
1400 5565 1635 5630 observantiam
1662 5566 1745 5628 tueri
1771 5563 1863 5628 debet

237 5653 351 5726 potest.
369 5651 563 5732 Huiusmodi
579 5663 762 5718 contractus
773 5660 922 5738 potestati
937 5647 1024 5742 ejus·
1073 5667 1171 5730 simul
1190 5683 1227 5730 ac
1244 5666 1381 5747 impedit
1401 5685 1441 5730 ne
1472 5667 1660 5749 hujusmodi
1678 5667 1863 5733 associatio-

234 5765 300 5829 gne
319 5749 473 5830 subjectis
489 5753 669 5833 reciprocas
685 5757 898 5838 obligationes
915 5761 1022 5842 impo·
1073 5784 1131 5830 nes
1147 5774 1178 5830 et
1193 5783 1303 5830 earnm
1321 5768 1529 5848 particulares
1551 5771 1785 5833 conventiones
1805 5768 1860 5848 je·

234 5848 298 5924 uit,
320 5850 465 5932 ipsisque
482 5851 605 5917 cerriert
623 5856 785 5938 juraque
811 5875 1021 5938 personarum
1074 5864 1164 5928 ribus
1181 5865 1354 5930 nationalis
1369 5868 1609 5933 communitatis
1626 5876 1775 5933 noceant.

1214 3712 1228 3783 a
1250 3711 1282 3768 n.
1307 3743 1343 3754 -
1365 3672 1511 3770 asceseos
1533 3712 1727 3784 congerrones.
