4042 6458
142 345 200 414 iil
470 355 567 418 PARS
585 355 644 420 lit.
665 355 714 418 DE
736 357 1063 432 PERSONlS.·-·L1B.
1082 367 1135 433 ix.
1149 369 1199 432 DE
1218 370 1353 450 leticie,
1375 375 1456 440 uit.
1725 385 1781 452 liu

142 471 290 549 fuerunt,
310 471 528 532 verumetiam
554 488 683 536 ouriou
712 474 810 536 totius
844 477 938 542 Cleri·
989 481 1180 546 simiolircii
1208 486 1310 548 nostri
1337 485 1447 552 debito
1481 489 1591 556 omnia
1617 493 1778 576 impuride

141 569 243 632 stiunt
275 567 361 630 ordis
393 586 581 644 reincrruu,
615 571 672 650 qui
709 573 934 656 indifferenter
988 583 1108 657 conari,
1135 582 1284 667 nihilque
1310 586 1504 654 intentatum
1528 591 1778 675 relinquerent

140 669 250 732 rideri
285 673 454 754 nequirent
487 689 765 740 runuicuosissiue
799 679 937 758 quodum
987 681 1157 762 religionis
1178 701 1215 749 ee
1233 685 1368 767 justitio
1388 705 1516 755 causam
1550 691 1678 760 lortiler
1705 718 1777 781 pro-

141 768 256 833 iuduei
295 790 455 834 eniuoirru
492 773 545 853 (ἢ).
589 777 701 857 Neque
731 780 936 857 pretermisi·
985 798 1182 863 pugnemus,
1209 793 1240 847 et
1266 786 1396 850 civilem
1432 790 1586 860 Romano
1623 797 1776 866 Ecclesioe

141 884 217 932 mus
251 871 522 948 animadvertere,
547 875 739 956 majestatem
750 896 838 941 retem
850 880 936 944 deod
986 881 1217 962 principatum,
1231 883 1369 968 ejusque
1387 893 1579 970 temporales
1595 901 1777 976 possessio·

141 969 291 1048 iquorcre
318 987 467 1051 perquoe
482 973 634 1051 ltomirtes,
662 977 775 1054 quidue
788 982 934 1058 pecuniis
987 999 1047 1045 nes
1076 982 1208 1065 ucjuru,
1228 1003 1301 1066 qum
1315 987 1353 1050 ed
1375 988 1563 1056 universum
1578 996 1773 1064 catholicum

139 1089 178 1134 oc
193 1071 355 1152 presidiis
381 1082 519 1134 recenter
538 1074 721 1140 rebellionis
755 1080 932 1143 cornelio·
985 1084 1096 1149 orbem
1110 1088 1285 1167 pertinent,
1314 1089 1437 1172 integre
1453 1101 1484 1157 et
1509 1095 1665 1163 inviolate
1693 1117 1773 1166 eon·

138 1175 256 1249 nocio,
283 1175 622 1239 dooenucett'ootiie
643 1178 831 1243 civitatibus
848 1184 935 1245 errei-
984 1188 1106 1246 stanter
1133 1190 1283 1249 tueemur
1306 1191 1338 1250 el
1389 1206 1567 1270 servemus,
1608 1215 1668 1261 uec
1707 1217 1774 1266 nou

140 1273 203 1335 toti
229 1292 267 1336 ce
284 1273 563 1354 percensuerint,
584 1275 659 1338 dom
680 1275 771 1358 leuce
795 1282 934 1344 enwimo
977 1282 1074 1363 iusto
1090 1283 1227 1348 oliorum
1255 1287 1439 1369 principum
1461 1311 1563 1355 rouro
1595 1301 1775 1379 prospicio·

135 1375 332 1454 populorum
356 1390 437 1453 pore
471 1374 608 1437 motibus
649 1375 726 1452 illis,
758 1397 836 1460 quos
871 1381 932 1444 mi·
983 1400 1063 1456 mus,
1098 1400 1134 1446 ac
1158 1384 1271 1450 divino
1314 1387 1407 1452 illius
1444 1393 1569 1456 uexillo
1608 1395 1684 1462 ireti
1714 1402 1771 1479 qui

136 1474 550 1555 nirncopt'uoltotor,oslttti
568 1477 708 1541 sttouitc
742 1490 888 1557 monaci,
905 1492 934 1546 ct
984 1479 1089 1542 dixit:
1115 1484 1154 1546 ln
1178 1484 1294 1546 mondo
1327 1505 1509 1567 messurum
1534 1494 1699 1574 debebitis,
1718 1500 1774 1564 red

136 1573 179 1636 od
193 1575 265 1637 illos
279 1573 452 1654 sequendos
476 1593 508 1636 sc
525 1577 720 1640 nullomodo
742 1597 933 1662 propensum
985 1579 1140 1660 confidite,
1167 1602 1221 1663 epo
1235 1585 1462 1650 pleimundum
1483 1593 1592 1670 (toan.
1612 1614 1680 1670 xvi,
1708 1599 1772 1680 33);

136 1673 288 1737 ostendit.
306 1677 344 1737 Et
357 1677 514 1758 quoniam
535 1677 764 1744 serenissimus
791 1682 932 1762 imperu-
984 1681 1044 1742 Et:
1061 1681 1153 1744 Beate·
1165 1685 1221 1763 qui
1235 1691 1485 1764 persecutionem
1502 1695 1674 1772 potiuntur
1690 1715 1772 1779 pro-

136 1783 189 1841 tor
231 1777 304 1842 illas
347 1779 532 1858 provincius
558 1797 576 1844 u
604 1783 698 1846 nobis
738 1785 931 1852 abdicandas
979 1780 1772 1870 ptcrjuetitiomtdiottt.r,10),peratisumus

136 1895 212 1942 0530
254 1879 403 1944 censebat
437 1879 479 1944 ob
520 1881 711 1946 rebellionis
750 1888 931 1952 morasthi
982 1875 1123 1942 illustris
1149 1880 1422 1958 predecessorum
1450 1896 1638 1956 nostrorum
1662 1898 1765 1961 resti·

135 1979 318 2044 identidem
344 1981 520 2057 excitatos,
541 1991 722 2062 opportune
761 1987 931 2066 respondi·
981 1978 1034 2057 tii
1058 1981 1221 2060 liliiiui·
1250 1984 1396 2064 θῐθῐΠΡΙᾶ
1433 1989 1590 2068 &militiis
1613 2000 1772 2076 illidet&

137 2095 214 2142 mus
242 2077 431 2161 hujusmodi
454 2089 678 2162 argumentum
704 2092 816 2165 utpote
832 2085 929 2151 nimis
980 2094 1118 2159 <limini
1144 2087 1177 2143 01
1207 2082 1321 2147 tietb&
1357 2089 1550 2167 Pillilirflss
1574 2093 1627 2156 iil
1667 2095 1771 2173 iusim

136 2176 279 2256 probans
294 2175 376 2240 nihil
395 2177 523 2242 valeret
566 2181 831 2262 quandoquidem
864 2199 929 2247 noo
980 2177 1118 2240 animem
1160 2197 1294 2260 ponere,
1321 2192 1491 2267 antequem
1520 2190 1591 2266 Dei,
1621 2193 1772 2261 Ecclesiu

132 2274 314 2340 dissimiles
339 2286 529 2344 motustum
558 2278 592 2342 iu
619 2263 757 2361 Europee'
786 2281 930 2363 regioni·
979 2277 1164 2358 acjustitim
1190 2296 1319 2345 causam
1348 2284 1537 2353 ullomodo
1569 2290 1769 2362 deseremus.

133 2380 209 2451 hus,
253 2383 318 2440 tum
353 2377 433 2442 ulilri
473 2397 623 2460 persepe
660 2389 863 2460 evenerunt;
897 2389 929 2447 et
980 2379 1042 2442 Sed
1058 2379 1107 2444 rel
1122 2380 1219 2446 iucile
1246 2384 1407 2466 conjicere
1422 2391 1569 2466 potestis,
1601 2396 1771 2460 venerabi·

132 2491 233 2539 mmo
261 2491 328 2540 „011
363 2475 452 2542 ,idei
491 2478 672 2561 legitimum
701 2482 819 2546 exinde
857 2483 927 2565 capi
980 2469 1168 2552 lesirutres,
1194 2481 1423 2560 quamucerbo
1457 2487 1664 2554 coutlciamur
1707 2494 1768 2556 do·

133 2581 314 2655 nonposse
334 2583 559 2656 argumentum
578 2579 617 2644 nd
643 2579 757 2645 civiles
785 2581 926 2647 ditiones
977 2569 1046 2636 101'0
1075 2573 1221 2640 Vidini&
1271 2595 1337 2660 ‘1¹¹0
1364 2584 1536 2648 liisslfissw
1581 2603 1660 2652 sene
1681 2590 1769 2658 bello

132 2673 391 2739 imminuendae.
407 2678 513 2758 Atque
535 2678 620 2742 huod
633 2679 804 2746 omisimus
819 2681 926 2746 eidem
978 2672 1179 2740 seuctissimu
1218 2685 1325 2744 ¹¹0⁵lrfl
1361 2682 1479 2766 religio
1522 2688 1663 2754 maximo
1693 2709 1768 2758 eum

131 2770 321 2851 imperatori
333 2789 495 2854 exponere
509 2775 672 2841 diversam
685 2777 779 2857 plane
792 2777 925 2844 luisses
978 2771 1158 2838 animarum
1186 2776 1380 2845 detrimento
1406 2791 1554 2864 vexetur,
1582 2789 1768 2873 quibusque

132 2871 307 2950 postremis
320 2872 392 2937 suis
406 2872 524 2940 litteris
539 2875 673 2954 primam
691 2895 783 2943 suam
808 2879 926 2961 episto-
978 2871 1130 2936 mixifflii
1148 2921 1153 2931 ·
1170 2876 1357 2943 turbinibus
1385 2883 1529 2948 Ecclesia
1553 2895 1584 2949 et
1599 2885 1666 2952 hue
1695 2907 1769 2957 sun·

132 2971 199 3034 lem
224 2980 297 3038 ente
319 2973 464 3040 ltulicum
491 2975 616 3042 bellum
647 2979 687 3044 ad
715 2996 777 3044 uos
804 2981 924 3056 datam,
978 2977 1026 3036 ile
1072 2973 1167 3038 sedes
1201 2975 1375 3056 jfltlenlur·
1403 2981 1507 3064 Atque
1545 2986 1642 3052 etiem
1670 2989 1765 3058 iecile

131 3088 209 3152 que
250 3073 346 3138 nobis
382 3075 646 3154 consolationem,
676 3093 743 3144 nou
782 3078 928 3146 aillictio-
977 3069 1162 3152 inlellittffii
1212 3093 1310 3156 quem
1360 3079 1570 3148 lihiffliflll’i
1611 3103 1768 3170 illelmi?

130 3187 209 3233 uem
247 3171 364 3237 getulii,
402 3173 482 3238 eum
512 3181 620 3240 ‚utem
648 3193 689 3242 0¹
730 3175 925 3259 quibusdem
977 3169 1078 3251 probe
1115 3181 1285 3239 noscentes
1322 3185 1479 3260 quantum
1503 3181 1547 3246 sit
1586 3185 1767 3256 culmorum

129 3265 313 3346 imperialis
354 3267 500 3350 epistole
544 3287 602 3354 por·
661 3283 925 3342 commemoratas
977 3269 1151 3339 discrimen
1177 3274 1292 3340 inillis
1324 3281 1518 3359 perturbetis
1544 3287 1665 3353 nostris
1687 3308 1767 3372 pro:

129 3366 357 3446 ephemerides
388 3367 484 3432 odilo
497 3369 604 3434 verbis
623 3371 804 3439 timendum
831 3375 933 3440 nobis
976 3369 1105 3450 vinciis
1124 3374 1180 3438 ubi
1199 3374 1362 3457 pestiferis
1383 3382 1559 3462 ptoeserlim
1584 3389 1713 3471 seriptis
1729 3393 1764 3457 in

129 3484 208 3530 esse
247 3467 488 3549 censuerimus,
515 3489 556 3536 ue
577 3473 738 3553 predicto
762 3476 925 3566 qestroeiu
976 3471 1093 3554 tulgus
1108 3473 1203 3538 edilis
1220 3476 1334 3557 piolus»
1351 3478 1479 3562 relidit),
1511 3483 1603 3562 fides.
1620 3505 1764 3555 molum·

129 3567 262 3634 AEmilia
276 3570 527 3652 prouinciaejam
542 3582 652 3638 essent
676 3575 926 3642 considerandae
976 3589 1041 3652 que
1060 3573 1211 3640 honestas
1227 3576 1262 3640 in
1287 3577 1358 3643 dios
1383 3581 1564 3650 miserrime
1596 3587 1765 3657 labefactu-

129 3669 235 3732 eetuu
253 3687 271 3733 a
285 3669 450 3750 politicen
479 3679 585 3736 nostre
602 3671 726 3738 ditione
754 3675 923 3754 distracto,
976 3678 1039 3734 tur.
1073 3673 1479 3756 vosigitur-,venerabiles
1499 3683 1699 3770 fratresque
1727 3694 1763 3759 in

128 3770 254 3836 idcirco
272 3772 466 3852 majestatem
499 3790 591 3838 suam
616 3774 768 3839 Ecclesioe
791 3777 923 3842 nomino
975 3771 1206 3838 sollicitudinis
1236 3787 1353 3846 nostres
1378 3791 1500 3862 purtem
1537 3790 1639 3852 vocati
1672 3793 1762 3871 estis,

128 3871 317 3950 rogavimus
347 3879 382 3934 ue
413 3872 509 3936 etjam
554 3874 677 3954 pmpfji
709 3875 815 3956 ipsius
856 3895 923 3942 mg.
975 3873 1286 3955 quiquotantalide,
1306 3883 1485 3946 constantia
1513 3900 1549 3948 uc
1576 3886 1694 3954 virtute
1722 3895 1763 3957 ad

123 3971 254 4052 jestatis
277 3987 344 4035 sua
373 3971 450 4035 boni
475 3972 692 4055 utilitatisque
719 3976 841 4041 intuitu
872 3979 921 4042 el·
980 3973 1165 4055 vilisimis,
1200 3981 1352 4046 Ecclesioe
1379 3977 1421 4049 elx
1456 3987 1553 4071 hujus
1580 3996 1763 4073 ettoslolicm

127 4073 250 4148 liceret,
290 4079 326 4136 ut
352 4071 541 4154 hujusmodi
570 4082 680 4139 noster
704 4075 802 4141 timor
829 4077 922 4160 plane
974 4073 1062 4136 sedis
1105 4093 1233 4141 eausam
1281 4090 1545 4166 propugnandum
1583 4097 1762 4175 exarsistis,

128 4180 350 4236 evanesceret.
380 4174 426 4236 Ac
451 4181 582 4252 paterna
610 4174 923 4258 illecheritate,que
976 4173 1098 4253 pergite
1125 4176 1243 4256 majore
1269 4181 1377 4246 animo
1407 4188 1583 4270 studioque
1615 4195 1760 4258 eumdem

126 4271 335 4352 sempiternes
352 4273 498 4336 omnium
522 4271 619 4337 soluti
652 4273 837 4354 prospicere
859 4277 921 4340 de·
973 4287 1101 4336 causam
1128 4275 1318 4358 defendere,
1340 4300 1376 4346 eo
1409 4285 1620 4354 fidelescurae
1650 4302 1763 4361 rastros

128 4375 258 4448 bemus,
280 4373 321 4455 ‚in
338 4371 443 4452 ipsius
466 4378 607 4436 mentem
621 4374 855 4450 revocavimus,
880 4377 920 4440 eb
974 4371 1176 4436 concreditos
1206 4377 1353 4455 quotidie
1377 4384 1476 4464 ntegis
1493 4386 1697 4468 inllemmate,
1727 4404 1759 4460 ot

127 4474 281 4537 omnibus
325 4472 504 4537 districtam
537 4473 713 4554 eliquendo
759 4477 918 4541 rationem
973 4468 1035 4531 sub
1061 4479 1168 4534 vestro
1193 4474 1291 4538 ductu
1315 4494 1573 4548 omoemeoruur
1617 4505 1760 4568 operum.

126 4581 202 4636 ante
231 4572 515 4636 tribunorumue
542 4589 614 4636 esse
657 4573 864 4652 reddendam,
888 4585 920 4641 et
973 4569 1090 4644 studio,
1117 4573 1253 4636 consule
1282 4575 1315 4638 in
1343 4577 1505 4643 catholico
1544 4584 1697 4650 Ecclesiae
1729 4600 1761 4654 et

125 4671 375 4736 severissimum
413 4669 575 4751 judicium
620 4668 840 4750 subeundum,
882 4692 918 4739 ne
973 4667 1072 4749 herjns
1097 4681 1216 4736 senetae
1252 4675 1339 4740 sedis
1371 4677 1573 4760 defensioue,
1604 4691 1700 4765 atquc
1724 4689 1759 4754 in

126 4781 298 4854 propterea
350 4769 470 4852 cuique
518 4763 615 4834 enixe
656 4773 857 4858 curandum·
882 4784 918 4840 ut
972 4771 1094 4852 tuendo
1120 4773 1210 4837 civili
1238 4776 1386 4859 eiusdem
1427 4782 1515 4846 sedis
1564 4787 1758 4870 principatu,

125 4873 360 4938 misericordie
389 4871 614 4953 potiusquam
633 4872 916 4954 justitimelieclus
970 4867 1122 4952 beetique
1148 4877 1230 4940 Petri
1252 4879 1459 4958 patrimonio,
1487 4885 1581 4965 cujus
1604 4890 1703 4955 tutela
1718 4893 1758 4956 ed

124 4971 325 5050 experiatur,
971 4986 1086 5036 omnes
1106 4974 1287 5040 Culleolieos
1304 4981 1453 5058 pertinet,
1469 4982 1658 5064 impendere
1679 5009 1759 5054 nun-

167 5095 184 5130 «
214 5073 289 5134 lieec
304 5071 480 5152 praesertim
505 5071 591 5136 inter
612 5071 675 5135 elia
699 5089 826 5136 summo
842 5074 917 5138 Gel·
972 5089 1069 5152 quam
1096 5073 1257 5142 desinent.
1291 5081 1396 5160 Atque
1414 5081 1498 5145 illud
1529 5091 1705 5164 presertim
1739 5109 1757 5154 e

122 5173 233 5237 lorum
250 5172 433 5252 imperotori
451 5171 689 5251 respondimus,
720 5190 792 5255 queo
811 5175 914 5252 tobis,
971 5171 1062 5234 tobis
1078 5173 1186 5236 etiem
1207 5183 1303 5256 atque
1326 5179 1421 5242 etiam
1447 5184 1665 5261 exposcimus,
1702 5206 1758 5252 ve-

123 5271 331 5337 venerabiles
345 5271 473 5348 irutres,
497 5272 706 5353 significanda
742 5291 813 5338 esso
843 5291 914 5366 om·
970 5272 1132 5336 nerebiles
1164 5273 1288 5351 stelles»
1313 5286 1349 5341 ul
1380 5299 1444 5346 unt
1485 5284 1655 5350 nobiseum
1686 5288 1753 5351 fet·

122 5373 205 5438 nino
233 5372 505 5450 existimavimus,
548 5381 583 5436 ut
613 5389 672 5437 uos
690 5374 723 5436 in
742 5375 867 5454 primis,
884 5381 916 5438 et
969 5375 1153 5441 vidissimas
1166 5380 1232 5442 Deo
1251 5381 1382 5460 Optimo
1394 5386 1533 5450 llexiuno
1556 5405 1667 5468 preces
1682 5392 1755 5456 sins

123 5476 301 5538 universus
332 5474 509 5539 catholicus
524 5475 611 5540 orbis
626 5477 727 5557 magis
744 5478 914 5556 magisque
969 5479 1212 5544 intermissione
1245 5499 1317 5544 cum
1349 5484 1498 5550 fidelibus
1525 5506 1611 5553 curo
1640 5502 1755 5557 vestro

120 5583 288 5655 agnoscat,
316 5589 386 5650 nos,
410 5575 686 5652 Deounxiliunte,
708 5592 766 5656 pro
794 5577 916 5658 grecis·
970 5580 1150 5642 commissis
1190 5581 1344 5648 adhibere
1373 5585 1491 5663 velitis,
1541 5596 1577 5653 ut
1615 5590 1754 5675 imperet

118 5791 129 5852 Ι
158 5722 197 5792 (i)
215 5719 325 5777 Scilicet
341 5719 486 5792 imperium
497 5723 626 5794 tortorum
638 5733 805 5792 peractorum
826 5725 901 5797 (scits
919 5725 1071 5796 orcomptis)
1091 5737 1119 5784 et
1139 5727 1284 5800 violentie,
1299 5741 1471 5806 utsupremee
1498 5737 1641 5808 potestatis
1670 5756 1754 5813 popu

130 5809 221 5852 terum.
1040 5847 1042 5850 .
1457 5843 1458 5847 ¹
