4046 6460
259 399 314 467 ars
807 357 1394 462 rumscanonrcvcoururvuruu.
1834 403 1891 470 rto

260 510 496 594 irregularitate
511 527 694 576 concessam
712 508 883 588 episcopis,
900 511 1043 572 canadam
1101 523 1176 570 euru
1193 509 1249 588 qui
1267 509 1417 588 praefatis*
1430 514 1515 571 esset
1542 509 1682 574 abactas.
1701 513 1778 576 Cum
1797 515 1892 577 enirn

263 621 367 672 tanuen
384 610 501 672 habent
517 609 550 671 in
573 625 651 671 suos
668 607 815 670 subditos
840 625 896 686 per
911 625 1045 671 conoes-
1099 605 1164 669 sint
1198 625 1290 672 casus
1325 608 1572 687 specialissimi,
1610 612 1808 676 credendum
1840 623 1892 676 ost

261 711 387 772 sionem
414 710 573 771 variorum
599 708 800 784 pontificum,
831 713 861 768 et
888 708 1046 787 precipue
1098 708 1278 785 pontificem
1292 725 1356 772 non
1370 709 1512 772 voluisse
1530 710 1601 772 illos
1613 714 1893 792 comprehendere

261 808 415 872 sanotiPii
431 812 582 882 V,const.
596 807 899 886 Romauipontifiars
914 819 944 870 et
959 808 1044 880 aliis,
1099 811 1131 871 in
1160 810 1368 888 generalibus
1399 813 1688 888 concessionibus,
1714 816 1804 896 juxta
1838 834 1892 880 re-

260 915 406 990 adeoque
439 927 495 990 per
523 908 604 971 hanc
633 911 878 970 concessionem
910 918 1047 986 possunt
1104 910 1210 990 gulam
1225 911 1262 972 81
1278 912 1376 986 iuris,
1393 912 1474 974 ιιι-6.

260 1013 448 1084 dispensare
473 1027 545 1072 aum
566 1009 636 1072 suis
663 1008 804 1072 subditis
833 1010 865 1072 in
896 1010 1046 1072 omnibns
1137 1013 1172 1071 Ιιι
1188 1011 1418 1074 constitutione
1434 1013 1472 1074 95
1488 1013 1651 1076 Benedicti
1667 1015 1754 1086 le,
1770 1016 1895 1077 Partor

260 1109 554 1190 irregularitatibus
574 1109 842 1188 provenientibus
865 1130 907 1172 ex
929 1110 1047 1172 delicto
1100 1109 1222 1186 bonas,
1252 1110 1382 1173 additur
1407 1113 1440 1173 in
1473 1113 1765 1193 irregularitatibus
1781 1119 1893 1196 quoad

259 1211 399 1284 occulto,
415 1218 545 1287 excepta
563 1227 599 1272 ea
614 1228 687 1290 quae
700 1211 852 1274 oriturea
872 1211 1047 1273 homicidio
1100 1214 1262 1293 regulares
1288 1215 1331 1277 ita
1360 1215 1541 1296 dispensari
1565 1235 1673 1296 posse,
1689 1227 1724 1282 nt
1740 1222 1779 1284 ad
1797 1241 1893 1302 qner-

260 1310 444 1373 volunterio
473 1311 607 1392 injusto,
637 1319 667 1372 et
694 1313 924 1391 exceptisaliis
945 1314 1047 1376 dedu·

227 1472 230 1478 ,
259 1407 318 1468 ctis
336 1409 373 1468 ad
407 1407 515 1469 forum
544 1409 796 1484 covrtentiosum,
818 1413 955 1474 atellam
976 1413 1046 1473 dis-

260 1523 394 1584 pensare
425 1516 559 1585 possunt
588 1509 621 1571 in
649 1510 887 1589 irregularitate
914 1521 981 1575 orta
1004 1529 1046 1574 ex

260 1605 466 1669 mutilatione
485 1609 607 1671 occulta
626 1609 699 1671 licet
714 1610 905 1688 voluntaria,
927 1613 973 1675 uti
998 1613 1047 1674 di·

1098 1331 1228 1392 cunque
1254 1315 1356 1377 officia
1376 1325 1406 1378 et
1424 1315 1577 1380 beneficia
1598 1317 1756 1397 regularia
1775 1338 1895 1382 ascen-

1098 1415 1174 1475 dere
1191 1413 1323 1488 valeant,
1340 1421 1472 1492 excepto
1492 1424 1596 1478 tamen
1620 1417 1745 1480 ordinis
1760 1438 1895 1496 pramo-

1099 1511 1166 1574 latc
1191 1513 1224 1574 in
1248 1512 1481 1587 irregularitate
1506 1531 1546 1575 ex
1567 1515 1695 1579 defectu
1720 1519 1893 1582 natalium.

1098 1615 1141 1674 Ea
1167 1629 1241 1674 vero
1265 1613 1464 1692 dispensatio
1491 1615 1677 1677 conceditur
1705 1623 1832 1682 tantum
1857 1619 1894 1682 in

206 1733 208 1738 ·
259 1716 346 1768 otum
364 1715 412 1769 est
429 1708 469 1772 de
485 1708 967 1790 episcopis-Amplissimum
985 1714 1048 1791 pri·
1097 1711 1896 1799 forooonsoientiae,incasibusoocultis3inpu·

267 1806 424 1888 vilegium
443 1810 652 1887 dispensandi
668 1810 700 1872 in
718 1812 870 1874 omnibus
889 1814 1048 1893 irregula-

259 1908 410 1970 ritatibus
427 1926 466 1971 ex
483 1909 614 1981 delicto,
631 1919 662 1970 et
688 1911 782 1972 etiarn
800 1930 838 1973 ex
861 1913 1000 1989 defectu,
1017 1923 1048 1976 et

260 2025 300 2070 ex
317 2011 430 2089 quavis
445 2027 553 2081 causa,
572 2017 781 2089 preterquam
809 2013 972 2076 homicidii
989 2033 1047 2078 vo·

260 2109 405 2184 luntarii,
422 2110 581 2190 bigamiae,
599 2118 630 2175 et
664 2112 875 2174 mutilationis
893 2119 1049 2178 vr'rembro-

261 2227 346 2285 rum,
378 2211 538 2272 concessit
571 2212 709 2289 pretatis
734 2212 858 2274 ordinis
883 2213 1048 2276 llinornm

260 2308 369 2371 Sirius
387 2310 425 2369 lV
445 2309 475 2370 in
496 2308 584 2370 bulla
604 2311 705 2371 Maris
727 2311 833 2388 maqai
858 2311 1048 2387 capimini...

262 2419 295 2472 et
320 2427 337 2471 a
366 2417 475 2472 sancto
517 2410 574 2471 Pio
594 2410 616 2468 V
639 2421 744 2470 const.
778 2411 858 2469 Dum
890 2408 930 2469 ad
959 2427 1049 2488 caup.

264 2511 508 2582 Catinensium,
560 2525 750 2570 concessum
796 2519 844 2572 est
894 2510 1051 2589 regulari-

259 2609 323 2672 bus
347 2607 485 2687 praetatis
503 2613 536 2668 ut
558 2607 681 2684 possint
704 2624 777 2668 cum
814 2608 884 2669 suis
910 2609 1051 2670 subditis

261 2708 356 2771 etiarn
381 2705 512 2768 novitiis
528 2706 560 2766 in
586 2706 742 2785 religione
761 2709 1045 2786 perseverantibus

261 2808 468 2886 dispensare
491 2807 524 2868 in
562 2809 715 2869 omnibus
757 2808 1049 2886 irregularitatibus

261 2911 558 2991 quomodocunque
569 2909 752 2981 contractis,
766 2919 797 2971 et
818 2926 874 2988 pro
890 2909 959 2972 foro
974 2927 1050 2972 oon·

261 3009 418 3080 scientiae,
429 3010 525 3072 etiam
542 3011 574 3071 in
594 3009 828 3084 irregularitate
840 3019 997 3072 contracta
1012 3027 1050 3071 ex

263 3110 441 3173 homicidio
482 3109 687 3183 voluntario,
722 3111 896 3172 dummodo
923 3110 1052 3172 nonsit

262 3211 472 3276 commissum
491 3217 560 3288 post
581 3211 763 3290 ingressum
778 3209 811 3270 in
842 3210 1069 3290 religionem,¹

263 3317 295 3374 et
308 3327 364 3372 eos
381 3310 558 3384 habilitare,
579 3319 613 3374 ut
638 3311 761 3388 possint
781 3313 818 3371 ad
835 3329 1045 3390 quascunque

264 3409 450 3490 praelaturas
473 3427 540 3472 sure
563 3410 825 3490 congregationis
851 3412 927 3490 eligi
951 3419 981 3471 ot
998 3429 1049 3472 as-

265 3509 362 3579 sumi,
375 3516 405 3570 et
421 3525 474 3570 eas
487 3509 587 3570 libare
602 3516 633 3570 et
654 3510 740 3571 licite
752 3510 903 3583 retinere,
921 3520 951 3571 et
966 3529 1053 3589 arrre-

264 3610 639 3690 cunqueordinisolfrcia
656 3629 821 3686 exercere,
839 3613 964 3674 etiamsi
976 3614 1053 3675 irre-

265 3711 468 3790 gularitatem
502 3713 719 3775 contraxerint
750 3724 822 3774 ante
842 3729 953 3774 eorum
984 3731 1055 3791 pro-

266 3815 456 3875 motionem.
491 3815 555 3874 Nec
588 3811 648 3874 boc
686 3813 892 3891 privilegium
928 3814 1054 3876 videtur

266 3921 450 3976 revocatum
465 3929 521 3989 per
536 3911 710 3973 concilium
724 3911 964 3988 Tridentium,
981 3931 1052 3976 cum

266 4009 365 4074 fuerit
381 4025 570 4072 concessum
593 4015 665 4086 past
686 4008 772 4071 idem
794 4009 966 4070 concilium
982 4028 1054 4072 curn

267 4111 413 4174 clausula
428 4109 631 4189 derogatoria
651 4126 921 4190 quorumcunque
946 4113 1054 4173 conci-

266 4212 434 4274 florum.»

305 4315 426 4376 Verum
447 4321 552 4374 tamen
569 4317 617 4372 est
633 4309 717 4389 quod
733 4308 796 4372 illae
809 4309 977 4372 facultates
993 4319 1055 4372 tarn

267 4414 381 4492 amplae
412 4429 475 4474 aron
505 4419 580 4475 sunt
605 4414 644 4474 de
672 4409 758 4473 facili
788 4412 984 4474 deducenda
1017 4415 1055 4474 ad

268 4515 403 4592 praxim.
422 4513 490 4572 lmo
505 4528 561 4589 per
577 4511 772 4574 Lezanam...
794 4517 825 4573 et
848 4510 929 4574 alios
945 4527 1057 4588 graves

266 4614 424 4686 doctores,
453 4618 620 4690 nequeunt
654 4611 773 4686 praelati
800 4610 963 4690 regulares
991 4612 1059 4673 dis·

266 4729 403 4792 pausare
417 4729 491 4774 oum
507 4713 576 4774 sais
588 4713 727 4774 subditis
743 4715 940 4788 amentibus,
957 4715 1059 4776 furio-

268 4812 333 4886 sis,
362 4811 563 4890 epilepticis,
598 4811 768 4886 lunaticis,
808 4816 1057 4892 energumenis,

268 4911 445 4974 enormiter
470 4911 626 4989 leprosis,
648 4929 722 4973 cum
752 4911 926 4986 abstemiis,
950 4913 1059 4974 defor-

270 5009 364 5070 miter
381 5008 534 5087 gibbosis,
554 5007 738 5070 notabiliter
753 5007 889 5082 claudis,
914 5015 945 5070 et
969 5007 1060 5088 galli·

268 5127 306 5172 ou
326 5109 436 5171 morbo
467 5106 603 5179 affertis,
633 5123 705 5168 cum
727 5105 918 5168 habentibus
947 5123 1060 5169 manus

270 5209 436 5279 tremulas,
463 5216 497 5270 ut
512 5207 554 5269 sit
572 5205 743 5268 effusionis
762 5204 954 5284 pericnlum,
973 5213 1003 5267 et
1018 5203 1062 5265 sl·

269 5309 414 5384 milibus,
430 5309 535 5388 quiaa
553 5305 759 5386 generalibus
775 5304 841 5367 illis
857 5304 1060 5368 facultatibus

270 5410 480 5488 ‹rispensandi
499 5407 727 5488 intelliguntur
745 5407 883 5470 excluse
898 5423 1010 5467 omnes
1030 5413 1060 5465 et

188 5565 190 5571 ,
270 5511 410 5589 singule
442 5507 696 5588 irregularitates
724 5525 797 5589 qum
822 5507 997 5586 procedunt
1022 5523 1060 5566 ex

270 5609 382 5688 aliquo
418 5610 541 5672 enormi
577 5610 720 5688 corporis
748 5608 796 5670 vel
831 5607 927 5669 etiarn
958 5605 1058 5668 animi

168 5699 172 5706 '
273 5707 355 5770 vitio
367 5715 398 5770 et
412 5707 538 5771 defectu
551 5725 591 5770 ex
605 5724 670 5788 quo
686 5711 795 5787 posset
811 5704 956 5785 generari
971 5720 1061 5764 scau·

271 5804 379 5868 dalrrm
416 5807 449 5870 in
485 5807 633 5871 fidelibus
672 5805 859 5868 videntibus
897 5803 1056 5867 celebrare

1100 1813 1193 1878 blicis
1218 1826 1293 1874 vero
1318 1812 1351 1874 in
1380 1821 1516 1893 utroque
1540 1813 1620 1888 foro,
1636 1807 1756 1877 auditis
1784 1825 1895 1880 tamen

1099 1913 1335 1992 superioribus,
1348 1915 1362 1989 i
1374 1914 1409 1974 31
1424 1921 1453 1974 at
1465 1915 1520 1987 aa,
1535 1918 1618 1993 apud
1631 1917 1787 1993 Ferraria,
1801 1919 1892 1981 verb.

1100 2015 1339 2093 Irraqaduritoa,
1352 2031 1383 2076 n.
1401 2016 1440 2076 l'l
1454 2023 1484 2076 et
1504 2032 1572 2094 seq.
1590 2017 1825 2080 —Notandum
1844 2029 1894 2080 est

1099 2113 1133 2174 in
1151 2111 1208 2174 bac
1223 2107 1371 2174 facultate
1396 2110 1607 2188 dispensandi
1623 2113 1655 2174 in
1672 2112 1896 2194 irregularita-

1100 2210 1199 2281 tibus,
1215 2209 1301 2288 qnod
1318 2209 1349 2270 in
1365 2207 1589 2270 additionibus
1607 2230 1646 2270 er
1664 2212 1766 2274 aliana
1781 2231 1892 2288 manu,

1104 2311 1180 2371 ibid.
1211 2327 1244 2372 n.
1270 2309 1309 2370 25
1337 2310 1383 2372 sio
1408 2309 1537 2372 additur
1555 2328 1563 2372 :
1584 2333 1598 2368 a
1622 2311 1758 2376 Fallitur
1781 2325 1896 2376 auctor

1103 2407 1277 2490 (l'erraris)
1314 2409 1390 2470 dum
1419 2427 1452 2472 n.
1482 2411 1520 2471 17
1548 2411 1649 2472 sensit
1684 2412 1895 2491 privilegium

1102 2527 1292 2573 concessum
1321 2509 1487 2589 aliquibus
1520 2510 1734 2590 religionibus
1756 2513 1895 2590 dispen-

1102 2609 1193 2672 sandi
1229 2626 1328 2689 snper
1369 2609 1563 2688 quibusdam
1597 2610 1895 2689 irregularitatibus

1104 2709 1214 2771 venire
1241 2709 1303 2770 sub
1324 2707 1568 2786 privilegiorum
1585 2709 1893 2770 communicatione.

1102 2811 1137 2870 Ρ.
1178 2809 1297 2872 Giraldi
1338 2807 1434 2871 refert
1471 2811 1636 2870 decretum
1668 2826 1749 2872 saar.
1781 2825 1894 2886 congr.

1104 2910 1224 2974 Concil.
1260 2926 1325 2988 quo
1353 2910 1471 2970 ilicium
1504 2909 1565 2970 fuit
1596 2909 1805 2988 privilegium
1835 2908 1897 2969 boc

1104 3011 1236 3073 minime
1262 3010 1539 3073 communicari.»
1570 3010 1658 3072 Unde
1690 3008 1811 3086 praelati
1844 3027 1898 3070 re-

1103 3112 1230 3191 gulares
1245 3111 1362 3172 debent
1387 3126 1443 3188 pro
1458 3109 1515 3172 har
1531 3109 1677 3172 facultate
1699 3125 1771 3172 sese
1786 3110 1895 3171 stricte

1104 3213 1223 3274 referre
1238 3213 1275 3274 ad
1294 3229 1353 3272 sua
1371 3211 1496 3287 propria
1520 3211 1699 3289 privilegia.

1143 3314 1230 3375 Xllt.
1253 3335 1268 3368 a
1293 3310 1446 3390 Religiosi
1473 3311 1609 3388 enonrpti
1638 3329 1701 3372 non
1727 3312 1896 3388 subJacent

1104 3413 1313 3476 reservationi
1341 3411 1503 3488 episcopie
1532 3427 1591 3472 nec
1618 3428 1729 3472 eorum
1755 3412 1894 3476 novitii:

1105 3530 1209 3590 neque
1242 3513 1386 3588 ipsarum
1410 3508 1605 3582 familiares,
1637 3524 1671 3572 ut
1696 3510 1833 3572 babetur
1857 3528 1895 3572 ex

1104 3612 1191 3674 bulla
1221 3610 1394 3673 Clementis
1427 3611 1468 3671 Χ.
1493 3609 1658 3688 Superbo,
1689 3614 1786 3671 modo
1816 3609 1897 3672 tator·

1104 3709 1894 3791 sintqucsidesamiiiartcoatiuaicommcmsaias...

1106 3815 1136 3874 si
1155 3830 1230 3876 vero
1249 3812 1388 3872 novitius
1410 3809 1558 3871 inciderit
1573 3808 1606 3870 in
1626 3825 1734 3871 castam
1751 3827 1897 3872 reserva-

1106 3924 1171 3976 tum
1200 3918 1271 3975 ante
1302 3913 1493 3990 ingressum,
1525 3924 1587 3970 non
1622 3911 1738 3988 poterit
1763 3911 1895 3989 quidem

1106 4011 1226 4093 absolvi
1244 4027 1260 4071 a
1277 4008 1421 4089 quolibet
1436 4005 1633 4068 confessario
1649 4007 1798 4070 serutari
1813 4029 1821 4079 ;
1840 4007 1897 4068 sed

1107 4113 1254 4189 poterita
1278 4106 1475 4170 confessario
1497 4103 1677 4183 religianiS,
1703 4105 1745 4168 ob
1768 4107 1898 4184 privile-

1107 4212 1195 4289 giam
1223 4207 1372 4284 religioni
1399 4221 1633 4268 concessum.»
1659 4206 1702 4286 (S.
1728 4208 1896 4278 Lvooarus,

1108 4311 1164 4373 lib.
1182 4330 1225 4382 vv,
1243 4331 1272 4372 n.
1290 4309 1372 4389 583.)

1150 4409 1234 4471 xlv,
1251 4410 1319 4469 Non
1338 4409 1431 4470 debet
1450 4409 1601 4486 superior
1615 4421 1747 4468 suorum
1763 4405 1897 4484 religio·

1110 4522 1218 4568 sorum
1243 4505 1463 4567 confessiones
1483 4507 1607 4580 andire,
1628 4505 1688 4566 nisi
1711 4512 1826 4581 sponte
1843 4521 1898 4581 pe-

1111 4605 1231 4677 tieriut,
1257 4611 1311 4664 aut
1336 4604 1368 4665 in
1385 4619 1492 4666 casum
1511 4605 1573 4683 ipsi
1602 4609 1799 4665 reservatum
1816 4602 1898 4663 inci·

1110 4701 1233 4773 derinr;
1260 4699 1316 4759 sed
1331 4698 1426 4772 duos,
1455 4707 1518 4760 tres
1542 4706 1596 4760 aut
1613 4697 1761 4776 plnres...
1775 4697 1897 4758 consti·

1113 4808 1202 4863 tuera
1229 4799 1323 4862 debet
1347 4799 1431 4876 apud
1465 4815 1547 4878 qnos
1575 4796 1720 4876 religiosi
1751 4794 1893 4858 confiteri

1114 4900 1249 4971 valeant,
1267 4905 1301 4962 ut
1316 4899 1440 4961 dictum
1465 4905 1514 4959 est
1529 4914 1637 4976 supra.

1113 5020 1228 5094 511-
1255 5021 1294 5076 lle
1319 5021 1380 5090 iure
1408 5018 1577 5100 regularium
1597 5015 1687 5087 quoad
1710 5013 1899 5070 confessionne

1320 5089 1491 5146 saecularium
1516 5087 1677 5142 audiendas.

1151 5207 1176 5266 Ι.
1189 5205 1225 5266 fn
1243 5203 1322 5266 lacis
1340 5201 1460 5264 nullius
1484 5199 1634 5274 ditareris,
1651 5198 1684 5260 in
1702 5197 1824 5277 quibus
1840 5212 1897 5274 po·

1114 5304 1263 5382 pulusest
1273 5301 1401 5381 praelato
1417 5299 1592 5378 subjectae,
1605 5295 1724 5375 praelati
1739 5295 1898 5374 propriam

1114 5405 1205 5485 quasi
1235 5402 1417 5473 diaecesim,
1443 5409 1474 5462 et
1503 5397 1698 5461 territorium
1721 5405 1901 5475 separatum

1114 5505 1265 5566 babentes
1292 5509 1426 5581 possunt
1452 5516 1508 5578 pro
1524 5499 1593 5560 suis
1613 5497 1753 5561 subditis
1777 5496 1902 5558 confes·

1113 5602 1214 5664 sarios
1229 5598 1420 5680 approbare.
1435 5595 1477 5678 (S.
1494 5613 1602 5676 congr.
1618 5593 1739 5658 Concil.
1753 5595 1786 5656 ia
1808 5593 1901 5657 Nica·

1112 5711 1273 5770 stratone,
1288 5697 1327 5758 bl
1345 5700 1473 5760 ianuar.
1491 5697 1580 5772 teet,
1592 5703 1623 5758 et
1642 5697 1676 5759 ia
1694 5695 1815 5757 nullius
1829 5695 1897 5756 dfa-

1113 5800 1239 5881 ruppio,
1253 5799 1435 5878 ittdngast.
1448 5794 1549 5874 loco.)
