4046 6460
292 347 351 416 111
789 341 904 408 thais
923 335 1105 406 chilolilcl
1121 333 1385 406 coniunctura.
1495 364 1518 402 a
1869 336 1923 402 aaa

296 458 429 524 scientiae
452 449 881 534 acemanecestriae
908 465 1004 516 musa
1032 444 1084 525 11,
1138 461 1246 512 coram
1260 447 1398 512 testibus
1419 443 1532 510 saltem
1555 443 1771 510 factasunt.»
1797 449 1920 513 theela-

296 566 410 644 quffist,
427 559 459 625 2
1136 557 1200 612 rat.
1215 547 1473 612 1113111111.
1493 546 1597 627 tace.)

1176 649 1212 712 ln
1235 648 1328 713 dictis
1344 647 1474 713 casibus
1494 648 1598 723 decet,
1615 655 1652 710 ut
1668 655 1776 726 postea
1792 656 1922 728 cupitas·

1136 745 1177 810 lis
1194 747 1377 812 benedictio
1390 750 1485 813 detur
1500 764 1519 811 1
1533 747 1699 816 sacerdote
1713 749 1921 828 competenti,

274 867 277 879 ·
338 853 364 916 1.
397 851 499 916 Causa
530 847 673 912 eliciens
709 844 873 909 soccietatis
903 841 1084 924 conjugalis
1135 846 1315 926 quandoid
1326 848 1482 928 possibile
1498 849 1571 912 erlt.

295 951 449 1033 suntipsi
465 949 620 1031 conjuges
635 963 692 1028 per
706 961 901 1010 consensum
920 950 1081 1007 mutuum.
1174 945 1215 1009 11.
1238 945 1288 1009 ad
1326 947 1523 1010 validitatem
1552 947 1734 1012 efficientia
1759 949 1921 1012 societatis

295 1057 376 1117 Gan.
392 1071 427 1128 rr,
442 1050 654 1115 11.-811111
674 1049 866 1122 canonibus,
882 1063 910 1110 c.
925 1046 1083 1127 Sufficiat,
1134 1044 1314 1125 coniugalis
1341 1063 1400 1109 seu
1429 1047 1626 1109 matrimonii
1655 1063 1834 1110 consensus
1868 1063 1923 1110 er·

294 1153 454 1222 1111111,
472 1158 586 1233 quaest.
601 1151 632 1224 1,
648 1149 694 1213 ibi
718 1169 726 1211 s
750 1147 896 1228 Sufficiat
913 1143 1084 1208 secundum
1133 1145 1229 1226 primi
1255 1144 1350 1208 debet
1375 1163 1432 1226 per
1457 1146 1563 1220 rerba,
1593 1155 1647 1210 aut
1667 1147 1757 1227 signa
1782 1149 1823 1211 de
1843 1167 1923 1228 pre·

294 1251 374 1332 lepes
389 1253 476 1314 solus
491 1268 660 1313 consensus
677 1250 714 1312 de
729 1265 860 1330 quorum
881 1246 1081 1326 conjunctio·
1133 1246 1229 1322 scoti,
1245 1253 1276 1309 et
1292 1243 1422 1330 inqiacie
1438 1247 1600 1310 Ecclesiae.
1618 1249 1704 1330 (Cap.
1723 1251 1794 1311 Tun
1803 1252 1924 1331 [ratar-

291 1353 386 1417 nihus
412 1353 541 1431 opiter:
566 1353 621 1430 qui
649 1366 820 1414 consensus
842 1348 871 1410 si
898 1348 933 1410 ia
958 1347 1081 1424 nuptiis
1132 1344 1248 1414 nitati:
1275 1363 1303 1408 c.
1321 1345 1398 1408 Cum
1418 1345 1515 1426 opud,
1532 1349 1760 1429 Desponsalih.
1777 1358 1808 1412 et
1824 1349 1919 1413 Cone.

291 1452 379 1515 solus
402 1454 488 1533 sorte
519 1450 670 1533 defuerit,
700 1460 815 1512 cetera
842 1449 959 1519 omnia,
989 1448 1082 1510 ctione
1131 1443 1275 1507 Floreat.
1298 1445 1395 1522 ibid.;
1419 1455 1449 1508 et
1474 1448 1569 1510 Cone.
1594 1448 1736 1513 Trident.
1761 1467 1844 1516 sess.
1869 1451 1919 1527 21,

296 1569 366 1611 cum
386 1549 466 1632 {ipso
495 1549 581 1610 coitu
615 1547 770 1609 celebrata
796 1549 1008 1628 frustrantur.
1043 1545 1081 1606 lit
1132 1561 1159 1607 c.
1175 1541 1218 1621 1.)

291 1669 319 1715 θ·
337 1651 638 1731 Tuaesmi‘mi'iaii's
658 1648 702 1708 Di
732 1643 906 1726 1101111111·
924 1643 971 1706 ibi
994 1667 1001 1706 ²
1022 1639 1091 1704 po:
1133 1659 1264 1732 1111-
1286 1661 1326 1718 hd
1351 1661 1436 1719 solam
1463 1660 1612 1719 Ecclesiam
1637 1673 1742 1736 spectet
1760 1665 1919 1722 societatem

289 1749 417 1813 stuiasti
430 1754 538 1808 utrum
553 1763 593 1808 en
617 1745 694 1806 salis
713 1743 829 1818 uerbis,
851 1750 883 1822 et·
906 1761 946 1802 en
969 1741 1080 1821 quibus
1223 1732 1394 1805 ⁰⁰¹¹i⁰t²¹0m
1420 1733 1510 1803 quoad
1526 1733 1665 1789 vinculum
1681 1735 1831 1792 moderari.

292 1848 529 1911 matrimonium
549 1833 767 1910 contrahatur.
783 1843 961 1923 Nosipitur
976 1842 1080 1922 inqui·
1172 1843 1200 1904 1.
1224 1841 1365 1906 Ecclesia
1398 1843 1474 1924 jure
1504 1843 1634 1924 proprio
1664 1844 1919 1908 Christianorum

289 1950 402 2014 sitioni
424 1958 484 2011 tue
506 1948 613 2011 taliter
629 1943 850 2026 respondemus
865 1943 955 2023 quod¹
969 1943 1080 2005 matri·
1131 1943 1371 2006 matrimonium
1387 1951 1491 2023 potest
1511 1945 1681 2019 moderari,
1697 1946 1848 2026 adeoque
1861 1947 1920 2009 im·

288 2051 426 2112 monium
450 2047 485 2111 in
508 2047 641 2109 ueritate
663 2045 864 2108 contrahitur
888 2040 1080 2123 perlepiti·
1129 2040 1324 2117 pedimenta,
1347 2043 1445 2105 etiam
1468 2042 1653 2106 dirimentis
1676 2043 1918 2108 matrimonium

287 2166 371 2210 mum
394 2147 458 2210 ciri
486 2154 515 2208 et
541 2143 685 2207 mulieris
710 2159 906 2206 consensum.
935 2141 1079 2204 Consen—
1128 2140 1342 2214 constituere,
1371 2159 1549 2222 causasque
1584 2145 1838 2208 matrimoniales
1867 2163 1919 2208 coa

287 2247 371 2307 tium
386 2243 549 2309 innumeri
561 2242 636 2304 alibi
652 2241 1077 2322 canonessspassimffandem
1129 2253 1296 2317 gnoscere.
1308 2241 1681 2307 DcildosTridentscss.
1697 2244 1747 2316 at,
1763 2261 1834 2307 can.
1845 2246 1876 2316 3,
1887 2244 1916 2319 1,

285 2343 320 2407 11
334 2345 498 2424 expressis
522 2342 670 2406 terminis
697 2342 790 2405 clocet
808 2356 898 2403 conc.
917 2341 1079 2403 Florenti·
1127 2338 1148 2399 a
1165 2339 1264 2414 1111ς
1281 2349 1312 2404 ct
1328 2341 1405 2405 Pius
1419 2344 1461 2405 Vl
1477 2344 1511 2406 11
1536 2343 1623 2406 bulla
1637 2344 1820 2410 ductorem,
1831 2345 1917 2425 fidei,

286 2461 376 2514 num,
392 2443 509 2507 decret.
529 2443 567 2506 11
592 2443 768 2512 Armen0s3
794 2437 868 2502 lbi:
891 2438 994 2501 Causa
1009 2439 1075 2520 esti·
1128 2436 1173 2500 ibi
1190 2440 1223 2503 iu
1248 2445 1403 2522 proposit.
1426 2447 1465 2508 59
1487 2465 1495 2504 s
1519 2447 1672 2511 Doctrina
1687 2449 1812 2528 synodi,
1831 2469 1919 2511 asse-

285 2546 371 2608 eiens
412 2540 609 2605 matrimonii
646 2537 838 2619 seculariter
872 2548 917 2601 est
949 2547 1077 2600 mutnus
1127 2555 1200 2600 rens
1224 2540 1456 2622 adsuprcmam
1478 2547 1600 2609 ciuilem
1621 2558 1808 2628 potestatem
1833 2550 1917 2612 dun-

284 2661 465 2706 conscnsus.
493 2642 532 2704 Et
560 2638 767 2720 probaturex
787 2637 1001 2718 sequentibus
1026 2653 1077 2699 sa·
1127 2645 1219 2700 tanat
1244 2642 1419 2722 oriqinaric
1437 2654 1579 2724 spectare
1604 2649 1784 2710 contractui
1806 2651 1919 2711 matri-

285 2761 348 2808 crm
368 2741 628 2824 congregationis
643 2737 774 2804 concilii
789 2735 1076 2814 declarationibus,
1126 2739 1225 2799 monii
1260 2757 1418 2820 opponere
1450 2745 1670 2823 impedimenta
1700 2749 1768 2829 ejus
1794 2751 1918 2828 poneris

284 2843 324 2908 de
347 2840 560 2906 matrimoniis
583 2847 729 2918 tempore
750 2834 987 2916 persecutionis
1014 2851 1071 2915 per
1124 2837 1308 2915 queipsum
1328 2840 1451 2903 nuttmn
1473 2843 1622 2920 reddunt,
1639 2846 1853 2928 dicunturque
1869 2849 1918 2910 di·

284 2943 451 3009 haereticos
466 2951 497 3006 et
514 2940 735 3004 schismaticos
747 2936 797 3001 rel
813 2935 974 3000 infideles.
1124 2937 1334 3010 rimentia...;
1358 2944 1451 3022 qnasi
1471 2943 1615 3008 Ecclesia
1639 2965 1704 3009 nan
1724 2967 1849 3029 semper
1860 2966 1918 3029 pc·

323 3045 384 3106 t.«
402 3043 435 3108 Si
450 3059 526 3106 raro
538 3037 733 3123 parochiale
748 3054 811 3120 qua
824 3035 887 3100 luit
899 3035 1075 3116 aliquando
1125 3039 1224 3102 tuerit
1242 3057 1279 3102 ac
1298 3043 1399 3119 possit
1415 3044 1451 3106 in
1471 3043 1727 3112 Christianarum
1754 3049 1917 3110 marrima-

282 3145 489 3209 obseruetum
503 3144 668 3207 decretum
685 3138 792 3223 (Cane.
807 3138 952 3202 Trident.
965 3137 1010 3199 De
1024 3154 1075 3199 re·
1124 3141 1200 3216 niis,
1210 3141 1287 3223 jure
1304 3143 1459 3222 proprio,
1483 3144 1704 3226 impedimenta
1722 3149 1916 3211 constituere

282 3245 473 3326 formatione
495 3242 633 3304 matrim.
659 3257 741 3304 sess.
768 3237 821 3314 11,
838 3255 865 3302 c.
884 3239 926 3320 l),
944 3239 1074 3319 proprio
1124 3257 1192 3322 que
1211 3243 1446 3306 matrimonium
1465 3264 1529 3306 nors
1543 3245 1839 3327 solumimpediant,
1862 3249 1917 3311 sed

282 3345 423 3426 parocho
442 3349 558 3418 careat,
585 3347 616 3406 ct
641 3339 833 3405 cathedralis
857 3338 979 3402 ibidem
1004 3337 1074 3417 epi·
1125 3351 1155 3404 et
1169 3343 1291 3405 nulium
1318 3343 1455 3407 recidunt
1478 3349 1582 3426 quoad
1606 3348 1780 3422 vinculum,
1803 3349 1915 3430 quihus

285 3460 382 3524 scopo
401 3451 433 3507 et
457 3441 598 3522 capitulo
613 3440 807 3504 habentibus
832 3454 850 3502 a
874 3437 1014 3501 concilio
1029 3435 1044 3498 1
1058 3465 1075 3484 ·
1125 3445 1301 3510 Christiani
1317 3447 1465 3510 obstricti
1480 3457 1657 3522 teneantur,
1670 3451 1808 3512 etiamin
1820 3451 1915 3511 terris

283 3546 435 3610 cultatem
447 3545 548 3609 alium
561 3542 759 3606 sacerdotem
781 3538 870 3603 adid
888 3537 1071 3619 delegandi,
1124 3544 1308 3624 infidelium,
1323 3547 1358 3610 in
1372 3547 1487 3609 eisdem
1500 3547 1693 3629 dispensare,
1711 3567 1867 3612 cananum
1882 3550 1912 3622 3,

282 3645 464 3725 nullusque
492 3643 577 3708 alius
603 3642 649 3706 ibi
675 3641 729 3716 sit,
755 3640 812 3720 qui
839 3639 926 3703 uices
942 3637 1073 3718 parochi
1123 3644 1153 3719 t,
1167 3647 1197 3719 9,
1225 3647 1273 3717 th,
1299 3663 1381 3710 sess.
1396 3645 1447 3721 11,
1473 3665 1561 3710 cone.
1593 3648 1735 3711 Trident.
1764 3652 1912 3724 senrica,

281 3754 337 3810 aut
362 3745 506 3826 episcopi
532 3743 702 3825 suppleat,
728 3739 970 3805 matrimonium
989 3738 1072 3802 valet
1122 3744 1278 3808 heretica.
1661 3806 1663 3813 ,

281 3843 405 3926 absque
421 3845 590 3930 presentia
605 3842 748 3923 parochi,
772 3842 939 3904 observata
952 3847 1070 3913 mmeu,
1162 3843 1218 3906 lll.
1241 3845 1384 3907 Potestas
1412 3862 1475 3926 aqua
1503 3844 1641 3909 licelesla
1666 3848 1751 3924 gaud
1774 3847 1915 3911 tmatria

232 3955 234 3958 ·
280 3943 316 4006 in
335 3957 374 4006 eo
388 3958 454 4024 quo
470 3949 587 4022 potest,
604 3941 708 4005 forma
723 3940 867 4015 concilii,
881 3957 1000 4021 nempe
1014 3941 1072 4005 ad·
1122 3944 1269 4006 monium
1316 3943 1505 4008 moderandi
1548 3945 1740 4026 apponendo
1775 3947 1914 4028 impedi-

283 4041 397 4106 bibitis
419 4042 533 4106 saltem
556 4041 686 4108 duobus
707 4040 856 4104 testibus.
874 4039 906 4104 Si
920 4057 998 4105 uero
1016 4057 1072 4105 eu·
1122 4051 1227 4106 menta
1266 4041 1349 4106 illud
1384 4043 1595 4122 dirimentis,
1633 4061 1814 4125 causasque
1843 4063 1911 4109 ms·

283 4147 369 4204 stent
394 4139 527 4222 quidem
553 4138 711 4218 parochus
731 4144 763 4201 et
789 4137 975 4218 episcopus,
998 4139 1069 4217 sed,
1122 4138 1320 4204 trimoniales
1353 4139 1431 4205 iude
1468 4151 1704 4222 consequentes
1740 4144 1910 4224 judicandi

281 4239 375 4305 nullo
391 4237 567 4303 constituto
592 4235 724 4310 sicario,
748 4242 884 4319 uterque
900 4244 986 4300 metu
1002 4238 1070 4300 bae-
1120 4237 1151 4300 ei
1179 4237 1336 4318 privative
1364 4241 1518 4320 competit
1537 4241 1575 4304 ad
1601 4241 1825 4306 exclusionem
1847 4241 1911 4306 iori

234 4329 235 4332 '
282 4341 460 4404 reticerem
485 4338 593 4415 lateat,
616 4336 661 4401 ita
685 4337 1068 4417 utroreignoreturubi
1120 4338 1239 4403 civilis.
1281 4339 1357 4404 llaec
1385 4341 1553 4406 conclusio
1594 4351 1679 4406 certa
1710 4350 1743 4406 et
1772 4345 1911 4409 tenenda

280 4441 333 4518 sit,
348 4441 396 4504 rel
413 4439 526 4504 eodem
542 4436 813 4504 metusdioecesi
828 4435 923 4512 absit,
940 4455 1001 4504 uec
1028 4441 1068 4504 ad
1120 4446 1187 4514 est,
1215 4454 1254 4500 ex
1279 4438 1478 4515 canonibus,
1510 4455 1591 4504 sess.
1630 4439 1688 4517 at,
1725 4441 1908 4506 Tridentiu.

279 4541 470 4604 alterutrum
497 4540 539 4603 sit
568 4544 656 4601 tutus
682 4530 1070 4612 accessus,salidom''est
1118 4539 1213 4615 Quod
1247 4540 1454 4604 confirmatur
1480 4559 1519 4604 er
1554 4541 1643 4605 breui
1670 4542 1720 4605 Pii
1755 4544 1818 4617 vt,
1855 4559 1909 4608 au.

281 4639 523 4703 matrimonium
560 4639 684 4719 absque
722 4635 885 4716 parocho,
914 4637 1068 4702 adhibitis
1119 4639 1198 4703 1788
1229 4638 1269 4702 11
1296 4639 1397 4720 episc.
1432 4640 1606 4706 ldotuleus.
1639 4641 1686 4706 ibi
1717 4659 1726 4702 s
1761 4645 1910 4723 spectum

279 4749 386 4804 tamen
407 4740 536 4804 duobus
564 4739 740 4804 testibus...
758 4736 928 4821 (Desierat.
951 4739 1066 4822 Gordi-
1118 4738 1209 4802 nchis
1233 4757 1296 4801 nan
1322 4750 1380 4812 est,
1404 4739 1448 4805 ait
1464 4741 1621 4821 pontifex,
1639 4742 1790 4823 mascam
1802 4741 1910 4806 adesse

277 4838 356 4917 nah,
371 4843 411 4904 11
424 4841 522 4906 hiart.
539 4837 643 4921 11111.)
1118 4839 1173 4920 qui
1198 4838 1397 4902 secularium
1418 4842 1607 4922 principum
1629 4845 1818 4908 auctoritati
1828 4845 1908 4926 pius

318 4943 352 5006 a.
369 4962 385 4998 s
402 4940 461 5004 Vel
484 4937 618 5021 parochi
640 4937 776 5019 legitimi
795 4944 850 5002 aut
868 4938 1065 5005 missionarii
1117 4938 1215 5001 nimio
1241 4939 1435 5017 tribuentes,
1474 4950 1503 5004 et
1533 4943 1628 5005 certe
1653 4945 1749 5023 hujus
1776 4948 1908 5008 canonis

277 5043 411 5106 aderant
434 5041 468 5105 iu
492 5039 747 5120 caragiorum
768 5054 917 5104 accessus
942 5041 982 5105 ad
1009 5057 1066 5106 eos
1117 5039 1256 5118 captiose
1278 5039 1544 5120 interpretantes,
1569 5041 1653 5106 illud
1678 5041 1907 5124 defendendum

278 5147 347 5204 erat
361 5147 450 5203 tutus
467 5147 496 5202 et
511 5136 933 5221 11111111111111111111,
950 5157 1021 5214 uec,
1036 5141 1065 5204 si
1116 5149 1336 5218 susceperunt,
1353 5147 1390 5203 nt
1414 5142 1563 5220 quoniam
1584 5142 1767 5207 Tridentini
1792 5143 1907 5208 Patres

274 747 277 790 ;
318 722 333 796 Ι
353 721 387 778 11.
400 751 437 764 -
448 719 487 776 ite
503 715 640 776 elhcierns
652 728 734 771 eausa
746 711 890 772 societatis
904 710 1066 785 conjugalis.

154 5279 159 5300 ·,
277 5241 421 5315 aderaut,
438 5255 587 5304 accessus
603 5239 708 5306 11111
721 5245 788 5304 erat
803 5248 892 5304 tutus
906 5239 1064 5323 etfacilis.
1116 5239 1175 5302 hae
1198 5239 1331 5303 docendi
1346 5242 1488 5321 formula
1507 5243 1560 5304 usi
1584 5259 1649 5304 ncn
1667 5244 1791 5322 suerint
1805 5263 1817 5306 .·
1830 5265 1847 5300 a
1863 5244 1906 5305 art

277 5340 311 5406 111
328 5343 481 5422 primum,
501 5339 610 5405 omnia
631 5340 757 5421 praten
773 5340 975 5404 matrimonia
989 5349 1065 5405 suut
1116 5340 1200 5404 solos
1221 5341 1348 5425 jndices
1376 5343 1649 5420 ecclesiasticen»
1677 5355 1732 5408 aut
1764 5361 1904 5406 «omncs

276 5442 421 5507 inualida
450 5449 482 5506 et
515 5441 760 5507 rerelidaodc...
794 5443 823 5504 si
857 5443 1062 5520 secundum,
1115 5461 1228 5506 causas
1243 5445 1510 5524 matrimoniales,
1530 5469 1545 5504 1
1564 5453 1749 5529 patestatem
1765 5444 1904 5525 relique·

273 5539 367 5620 juxta
389 5541 472 5606 elios
489 5541 633 5606 decisum
655 5555 672 5603 a
694 5555 783 5603 sacra
802 5537 1063 5621 congregatione,
1114 5547 1181 5610 rint
1195 5543 1364 5627 judicibus
1379 5545 1471 5610 laicis
1485 5547 1576 5628 faeti.
1596 5547 1659 5611 Sed
1672 5547 1790 5608 scimus
1809 5546 1902 5609 stiam

277 5646 382 5704 stacte
417 5639 678 5721 impossibilitate
706 5637 848 5704 habendi
884 5638 1062 5721 legitimum
1114 5645 1195 5710 hona
1209 5643 1903 5728 1111111ουὶ11,111111111111111111111

279 5747 440 5818 pastorem
455 5741 503 5809 rsl
523 5737 798 5818 missicoamium,
813 5746 889 5807 suut
905 5739 1022 5820 salida,
1032 5741 1060 5806 si
1113 5761 1220 5856 asseres1
1230 5747 1315 5812 amni
1327 5743 1530 5830 sumomonte
1546 5746 1687 5811 destitui.
1707 5744 1806 5838 herba
1820 5746 1902 5810 enias
