4004 6458
306 533 320 604 ς
344 530 373 585 tl.
386 557 422 573 κ
438 527 475 583 its
489 527 623 582 bonerum
642 525 892 582 ecclesiastieorum
909 523 1092 580 immunitate.

345 637 371 700 1.
384 633 570 698 immunitas
582 631 736 692 botrorum
750 630 1036 716 ecclesiasticorum
1047 633 1096 689 est

307 734 522 815 privilegium,
543 747 610 809 quc
625 746 674 790 res
690 730 834 790 eeclesiae
848 733 1003 804 exemptae
1019 733 1096 786 suan

307 832 512 897 acommuni
552 829 658 908 aliqua
689 827 887 906 obligatione
914 827 1015 897 cirili,
1056 827 1095 886 alt

307 934 528 996 exactionibus
560 937 589 990 ct
632 930 785 990 oneribus
824 945 840 989 a
887 926 1095 988 secutaribus

308 1033 517 1113 protestatibus
544 1029 717 1105 impositis.
743 1027 937 1104 ttajnsmotti
976 1027 1094 1087 ituatu-

308 1133 389 1192 nttas
424 1130 455 1188 in
495 1125 601 1184 Veteri
635 1127 841 1184 'testamento
883 1123 1092 1201 significatur,

225 1261 230 1272 ·
305 1232 386 1292 tien
413 1245 512 1299 xeeat,
533 1226 574 1286 23
593 1233 622 1286 et
647 1242 728 1302 setp,
751 1225 828 1285 etiu
859 1233 927 1302 tege
958 1221 1095 1284 Mosaica

307 1339 463 1408 ,irrecepto
478 1328 590 1389 divino
606 1327 773 1394 ordinatae
793 1332 824 1386 et
839 1343 854 1386 a
872 1323 982 1402 gentili
998 1324 1094 1386 etiam

307 1447 393 1506 rege,
414 1428 537 1488 scilicet
554 1430 743 1496 Artaxerxe,
770 1425 803 1486 in
828 1423 968 1488 latorem
997 1440 1095 1485 sacer·

308 1534 417 1592 dutum
453 1537 483 1590 et
519 1528 738 1588 ministrarum
767 1527 876 1602 templi
908 1526 963 1587 Dei
999 1525 1095 1585 israel

308 1633 472 1691 allisertatu
486 1629 559 1690 tuit.
580 1626 604 1707 (Ι
626 1628 716 1690 Esdr.
741 1647 794 1696 en,
815 1627 854 1686 et
874 1635 903 1688 et
931 1627 1011 1708 seq.)
1036 1627 1096 1687 Sed

307 1731 452 1790 Christus
490 1727 569 1787 hanc
604 1725 838 1786 immunitatem
874 1735 939 1785 tum
989 1740 1098 1802 perso·

309 1843 432 1898 nattam,
475 1832 540 1884 tum
580 1823 736 1884 honorum
769 1821 920 1882 Ecclesiae
959 1822 1098 1882 deelara-

311 1923 365 1989 tit,
387 1931 420 1979 ut
436 1919 612 1979 clarissime
635 1917 767 1979 hahetur
782 1935 820 1978 ex
850 1919 953 1996 ipsius
980 1919 1095 1988 veritis,

308 2021 419 2082 Matth.
436 2037 516 2089 xtra,
529 2017 569 2080 hi
588 2026 700 2097 etseq.
718 2017 760 2080 ibi
774 2039 781 2078 ι
794 2017 878 2094 Quid
891 2019 948 2080 titrt
962 2020 1095 2092 uidetur,

307 2118 1098 2198 Simcatrepeeterraequiduaaceipiuattributum

308 2219 355 2280 eet
370 2221 518 2279 censum?
552 2220 577 2277 Α
596 2216 821 2296 illiteratum
839 2217 876 2277 etr
894 2218 1030 2278 clienta?
1057 2216 1097 2276 Et

308 2316 363 2376 uu
381 2316 466 2376 diut't
487 2333 498 2372 .·
516 2313 562 2374 Ab
577 2315 701 2374 allectis.
719 2314 811 2376 utcu
826 2313 877 2376 iili
893 2313 1096 2392 ,lesumErmt

309 2415 399 2476 liberi
414 2425 485 2475 aurat
497 2414 570 2493 pttt.
598 2413 635 2475 m
648 2426 751 2476 aretem
772 2432 834 2474 noa
854 2414 1098 2475 scandalizemus

309 2535 371 2583 res,
385 2515 462 2574 uude
485 2513 524 2578 uti
538 2531 634 2586 mare,
664 2523 692 2574 et
713 2515 798 2574 mitte
817 2515 950 2587 hamum,
978 2524 1004 2574 et
1032 2533 1098 2574 eum

307 2617 421 2691 piarem
442 2615 497 2693 qui
522 2615 615 2692 prius
638 2612 809 2674 ascenderit
833 2613 917 2686 tolle,
937 2624 965 2675 et
988 2623 1097 2693 operte

309 2733 363 2776 cre
393 2716 458 2796 ejus
486 2715 619 2776 iuvenies
644 2721 804 2781 staterem:
823 2712 911 2774 illum
928 2713 1098 2774 suatmsdo

309 2816 351 2874 ets
363 2831 424 2893 pru
441 2833 486 2874 me
498 2823 524 2874 ct
541 2824 580 2876 ta.
598 2815 644 2875 lin
670 2815 762 2874 verbe
778 2815 903 2874 Domini
919 2815 1099 2876 luculenter

309 2915 512 2976 ostendentia
549 2914 785 2992 exemptionem
818 2933 922 2976 rerum
956 2924 988 2978 et
1028 2933 1098 2994 per·

310 3033 459 3076 aenariam
474 3015 776 3077 ecclesiasticarum.
793 3015 854 3089 Qui
868 3016 952 3077 etaim
966 3017 1098 3078 uomina

310 3113 480 3174 literarum
496 3112 598 3188 magis
628 3114 780 3174 censendi
812 3119 900 3184 sunt,
923 3131 1017 3192 uttam
1034 3114 1097 3176 cte·

310 3211 366 3272 riei
394 3197 709 3296 utputespectaiiter
746 3213 778 3273 iu
809 3222 927 3275 sortem
968 3214 1097 3278 Domini

312 3314 419 3380 electi,
444 3315 631 3390 presertim,
662 3313 737 3392 quia
754 3314 868 3375 Petrus
897 3320 974 3376 tunc
1000 3315 1098 3386 totius

310 3411 517 3473 ecclesiastici
537 3419 639 3475 status
653 3411 755 3474 tieem
774 3415 913 3490 guteitat,
931 3420 1009 3475 teste
1023 3415 1098 3476 «tivo

309 3510 504 3584 Augustino,
539 3525 636 3580 setara.
665 3509 685 3568 6
719 3511 760 3570 De
800 3511 903 3572 verbis
935 3514 1098 3590 oportet?

306 3607 417 3686 Neque
434 3605 526 3670 eutem
545 3610 636 3671 verba
663 3609 716 3670 itia
742 3611 879 3687 intelligi
904 3623 1038 3689 possunt
1057 3617 1097 3677 de

308 3710 514 3787 exemptione
537 3709 639 3770 eutius
668 3709 800 3783 Christi,
825 3729 881 3771 seu
922 3731 994 3775 vere
1024 3715 1097 3778 Filii

307 3812 1095 3892 hleianantiltioojussitChristusutadnitendum

305 3913 489 3974 scandalum
505 3913 615 3975 Petrus
628 3914 791 3975 intentum
807 3914 839 3974 in
852 3933 906 3976 ure
918 3916 1015 3991 piscis
1030 3925 1096 3977 sta-

307 4022 406 4072 terem
436 4013 522 4074 daret
558 4029 615 4090 pro
651 4021 801 4092 utreque,
835 4017 1000 4094 siequedc
1021 4017 1095 4096 jure

305 4119 475 4188 exetuptus
501 4110 746 4187 dignoscebatur
764 4132 771 4170 :
789 4112 934 4174 Christus
950 4116 1092 4192 qttidetn,

304 4217 415 4284 utpote
443 4209 527 4271 itlius
573 4210 814 4288 Regisregum;
844 4213 954 4274 Petrus
986 4223 1091 4276 autem

306 4309 405 4370 veluti
444 4319 679 4387 representans
725 4313 899 4374 Ecclesiam
940 4331 1090 4393 sponsam

304 4407 420 4471 Christi
447 4411 741 4489 ecclesiasticisque
759 4427 909 4488 personas
941 4422 1097 4493 tanquam·

303 4509 498 4570 domesticos
533 4509 616 4587 ejus,
649 4512 790 4587 acpruin
831 4513 939 4574 eadem
974 4531 1091 4592 prero-

302 4612 406 4687 gativa
421 4629 495 4672 catut
522 4611 592 4689 ipso
625 4613 813 4688 gaudentes,
828 4625 925 4693 prout·
948 4616 1113 4679 int'erune

302 4720 431 4770 senatus
448 4711 662 4785 Augustinus,
679 4711 883 4784 lituxoutest.
900 4715 1088 4792 evangelie,

301 4909 398 4970 1ι.18.

340 5009 385 5070 Ex
402 5009 514 5071 eodem
531 5009 693 5086 Evangelii
712 5009 782 5072 loco
800 5009 954 5090 colligunt
966 5015 1084 5088 Patres,

300 5109 460 5170 Christum
481 5127 515 5169 se
531 5111 638 5169 tritutti
655 5111 721 5187 tege
740 5113 1094 5188 solutumdeclatasse,

299 5209 329 5269 itt
356 5215 463 5269 tuanen
498 5207 781 5270 sutrisscarhitrio
812 5228 884 5281 suo,
915 5229 954 5273 ne
980 5216 1094 5290 puhli-¹

298 5311 647 5382 teitausseamtatiaatut;
665 5321 812 5388 praeterea
824 5329 886 5374 nou
902 5333 939 5376 et
957 5317 1081 5392 loculis,

296 5416 351 5474 sut
386 5433 422 5475 ex
451 5425 567 5477 statere
606 5417 709 5477 inore
746 5415 841 5492 pisus
869 5418 1000 5479 lamento
1030 5421 1095 5479 tri·-

296 5515 409 5574 hutam
428 5514 522 5591 prendi
540 5517 692 5584 enituisse,
724 5527 753 5574 ut
768 5519 953 5577 ostenderet
972 5519 1079 5581 tributi

295 5625 393 5674 tinere
409 5627 471 5672 noa
501 5615 599 5676 teneri
627 5614 746 5675 locutos
766 5614 844 5692 (seu
872 5616 953 5677 hotta
976 5617 1093 5679 eccle--

294 5711 448 5789 siastica).
475 5715 507 5774 iu
538 5713 656 5791 uatibus
689 5731 864 5791 pauperum
894 5727 925 5777 et
952 5728 1080 5796 aptaretu-

296 5812 920 5893 torumputriutottutuectasistettat.lita
933 5817 962 5876 S.
979 5817 1071 5884 Hatra.

301 4816 415 4880 uuest.
430 4809 480 4880 2³,
497 4809 579 4886 apud
597 4809 747 4880 Ferrarie,
765 4811 851 4873 verb.
866 4811 966 4888 Boreo,
982 4825 1042 4878 att.
1056 4817 1113 4892 Qu

806 415 920 476 tuate
937 411 1118 475 CANONiCl
1137 410 1404 473 cournunttttt.
1856 425 1898 484 ppt

1151 519 1171 580 Ι.
1194 537 1231 579 ur
1249 521 1281 579 ia
1298 519 1425 590 Metti,
1441 536 1510 598 cap.
1535 537 1619 590 xru;
1646 519 1675 582 8.
1695 521 1844 587 haustae.
1868 535 1899 591 tu
1971 523 1972 600 ᾗ

1149 615 1318 694 dispensat.
1348 616 1453 678 cretes.
1481 635 1511 694 p.
1531 634 1601 687 xxx,
1631 632 1698 693 pag.
1714 618 1806 680 estet
1834 641 1899 702 seq,

1147 718 1230 796 Opp.
1250 725 1326 778 tntu.
1340 716 1375 785 lt
1397 718 1429 783 S.
1445 716 1591 777 'i'aom‘2
1606 749 1643 760 -··
1666 716 1697 784 2,
1719 729 1824 794 quaest.
1848 724 1901 792 ¹88,

1147 827 1206 881 art.
1238 819 1345 900 'Ll-
1364 819 1447 880 iiiuc
1484 818 1654 880 meritoah
1685 817 1802 881 teactae
1830 823 1901 888 a’ttu

1148 922 1316 980 tlatnuatus
1332 926 1380 980 est
1403 933 1490 978 error
1506 916 1636 978 Marsitii
1653 917 1785 977 Patavini
1810 931 1835 980 et
1848 924 1904 984 tea.

1147 1019 1225 1080 duni
1250 1019 1406 1079 aientium
1432 1001 1606 1090 Christum,
1623 1035 1693 1078 curu
1720 1025 1854 1082 staterem
1875 1043 1902 1087 ex

1148 1119 1244 1198 piscis
1260 1136 1314 1180 ore
1340 1126 1502 1194 sumptum
1525 1117 1633 1182 tributi
1665 1118 1733 1178 loce
1760 1123 1899 1192 sottitiis,

1149 1216 1205 1292 utri
1226 1217 1374 1292 petebant
1413 1214 1608 1284 didrachma,
1622 1212 1681 1275 hoc
1695 1211 1838 1283 iecisse·
1857 1237 1903 1280 taen

1148 1314 1400 1376 condescensire
1425 1323 1454 1374 et
1484 1312 1674 1374 liberalitate
1705 1329 1770 1376 sum
1792 1317 1903 1392 pietatis,

1148 1417 1202 1477 sed
1220 1415 1412 1478 necessitate
1430 1422 1644 1475 coactum...s

1187 1517 1265 1577 item
1297 1515 1459 1592 colligitur
1483 1515 1578 1576 etiam
1604 1533 1643 1576 ex
1672 1515 1768 1576 variis
1792 1521 1906 1584 textihm

1146 1614 1228 1693 juris
1256 1615 1416 1686 canouici,
1450 1616 1687 1691 axeuaptinuetn
1716 1617 1904 1696 ecclesiarum,

1150 1733 1256 1777 rerum
1286 1716 1572 1787 ecclesiaticarum,
1607 1731 1662 1776 seu
1702 1717 1904 1783 immunitatem

1149 1815 1266 1876 realem
1286 1813 1361 1876 'esse
1389 1817 1472 1892 juris
1507 1815 1611 1875 dictati
1639 1819 1858 1890 astruentibus,
1884 1836 1906 1882 ct

1149 1914 1182 1974 in
1198 1914 1308 1992 prunis
1320 1933 1358 1975 ex
1385 1930 1456 1973 taen.
1474 1912 1526 1983 39,
1544 1915 1671 1975 alias3't
1685 1925 1785 1994 apost.
1800 1936 1832 1978 ex
1855 1938 1905 1997 cap,

1149 2014 1299 2094 Quisquis
1312 2016 1487 2092 episeopus,
1514 2015 1562 2088 te,
1588 2031 1683 2077 causa
1706 2017 1753 2084 tn,
1771 2021 1906 2094 quesita

1150 2123 1179 2172 et
1195 2130 1262 2188 cap
1294 2112 1477 2190 Quanquam
1501 2113 1532 2186 i,
1563 2115 1604 2174 De
1619 2117 1759 2174 censitus
1787 2118 1814 2174 iu
1830 2121 1862 2184 m
1885 2133 1906 2180 et

1150 2213 1251 2276 ettae
1264 2218 1365 2278 erictus
1377 2215 1407 2288 tr,
1425 2217 1468 2276 Dr
1477 2219 1633 2281 immeruit.
1650 2219 1753 2280 eccles.
1763 2243 1774 2290 ,·
1783 2233 1807 2283 et
1819 2227 1907 2286 concil.

1151 2317 1291 2378 Trt‘dettt.
1309 2333 1390 2377 sess.
1403 2318 1453 2388 25,
1471 2335 1540 2395 cup.
1558 2320 1590 2392 ὃ,
1609 2319 1650 2380 De
1666 2322 1792 2400 retorna.
1811 2323 1841 2384 Et
1856 2344 1906 2399 etp.

1147 2418 1188 2478 20
1207 2433 1357 2495 expresse
1383 2425 1596 2480 coattestatur:
1615 2420 1763 2480 Ecclesiae
1780 2431 1804 2479 et
1827 2441 1907 2500 prro·

1148 2533 1258 2575 aarum
1301 2515 1580 2576 ecclesiasticarum
1615 2519 1839 2586 immunitatem,
1868 2523 1907 2582 du

1150 2614 1399 2688 aestimationem
1425 2618 1585 2678 cononicis
1614 2619 1823 2680 soractioaiirus
1846 2641 1908 2682 raas

1150 2716 1287 2776 titutum.
1321 2718 1355 2775 tu
1383 2717 1504 2779 aceedit
1532 2720 1625 2780 etiam
1654 2721 1710 2798 jus
1735 2721 1822 2783 civite
1848 2724 1872 2782 tn
1892 2725 1905 2784 l.

1148 2815 1311 2876 Sensimus
1326 2819 1376 2890 22,
1393 2820 1464 2878 oud.
1477 2821 1520 2879 De
1535 2830 1730 2880 accremari.
1751 2821 1855 2897 coelen,
1867 2825 1904 2884 uhi

1150 2915 1353 2978 tustaniauus
1395 2917 1568 2996 imperator
1612 2921 1659 2980 sic
1694 2937 1834 2998 expresse
1862 2923 1906 2981 ait:

1151 3013 1341 3074 «Cureaim
1368 3031 1440 3075 tion
1463 3015 1620 3076 tractamus
1663 3016 1826 3077 discrimen
1848 3017 1907 3078 inter

1151 3129 1200 3175 res
1217 3113 1341 3174 divinas
1358 3121 1389 3176 et
1417 3115 1571 3176 ltumauas
1591 3120 1605 3177 t
1622 3123 1653 3177 et
1678 3121 1906 3194 consummatum

1151 3213 1354 3289 praerogativa
1398 3215 1518 3276 eoetcsti
1560 3215 1660 3276 tarot-i
1713 3231 1775 3277 ntra
1807 3233 1907 3277 cttttSt't·

1133 3305 1298 3373 'returta
1337 3315 1374 3374 tu
1397 3312 1478 3374 hanc
1517 3314 1754 3376 immunitatem
1782 3315 1905 3375 beataum

1151 3411 1442 3473 ecclesiasticorum
1466 3413 1623 3490 originem
1657 3413 1774 3476 hebere
1795 3433 1849 3475 nott
1869 3433 1905 3475 so·

1149 3511 1216 3572 lum
1230 3529 1245 3570 a
1259 3511 1332 3588 Jure
1351 3512 1502 3589 positive,
1526 3512 1683 3574 canonico
1707 3512 1823 3574 seilicet
1836 3524 1861 3574 et
1875 3515 1906 3572 ci·

1150 3611 1217 3680 titi,
1239 3612 1294 3671 scd
1315 3611 1496 3673 iutmediate
1523 3611 1634 3689 ajttra
1661 3611 1785 3686 divino,
1813 3612 1904 3673 ‹iacidit

1150 3726 1301 3788 expresse
1318 3711 1410 3784 Rota,
1441 3720 1519 3789 part.
1548 3731 1591 3786 rr,
1632 3715 1802 3776 recentior.
1830 3714 1904 3776 decis.

1148 3807 1219 3882 339,
1248 3812 1319 3871 n.-'t
1350 3823 1471 3891 etseq.
1503 3819 1534 3872 et
1565 3813 1701 3891 pluries,
1736 3822 1851 3876 etcum
1880 3831 1905 3873 ta

1149 3910 1267 3988 passim
1290 3912 1383 3975 tradit
1406 3929 1487 3975 sacr.
1519 3930 1628 3991 congr.
1648 3915 1849 3977 immunitatis
1867 3931 1906 3975 ea·

1148 4011 1354 4084 elesiestieoea
1379 4021 1409 4074 et
1424 4029 1576 4090 expresse
1601 4025 1689 4078 tenet
1704 4033 1774 4078 eum
1790 4016 1905 4095 plurimis

1146 4132 1161 4176 a
1178 4131 1213 4174 se
1226 4115 1329 4176 citatis
1342 4116 1476 4176 Bathosa
1488 4116 1562 4178 dur.
1575 4115 1879 4180 Ecclesuatcerutih.
1889 4135 1904 4188 t,

1145 4233 1213 4294 eep.
1229 4217 1269 4277 39
1278 4233 1287 4290 ;
1315 4224 1345 4278 et
1361 4217 1499 4295 Faguan.
1520 4221 1552 4279 iu
1583 4237 1612 4280 e.
1633 4218 1708 4280 Non
1733 4219 1905 4286 miuushttt

1145 4317 1300 4379 eameatt.
1327 4335 1359 4379 u.
1384 4318 1415 4392 t,
1446 4319 1498 4380 uhi
1529 4320 1606 4381 utcu
1647 4337 1721 4382 esse
1753 4321 1903 4382 unanimae

1143 4417 1379 4477 canonistarum
1401 4420 1608 4480 sententiam.

1183 4517 1264 4594 Ergo
1279 4518 1309 4577 1·
1331 4517 1515 4579 immunitas
1546 4518 1704 4581 honorum
1745 4514 1904 4581 ecclesiasti·

1142 4633 1252 4678 corum
1270 4624 1317 4679 est
1334 4637 1350 4678 a
1360 4618 1435 4697 jure
1461 4619 1573 4681 divino
1587 4617 1863 4686 fundamentaliter,
1882 4624 1903 4675 et

1130 4717 1493 4796 *cuoadprtnetptam
1519 4726 1567 4779 est
1577 4719 1610 4778 2·
1631 4737 1646 4782 a
1677 4721 1752 4799 jure
1783 4719 1904 4781 ecetesia-

1142 4816 1222 4878 atico
1238 4817 1344 4895 quoad
1364 4817 1681 4893 determinationem,
1698 4837 1753 4881 seu
1775 4825 1806 4881 ut
1837 4817 1902 4896 jasa

1045 4959 1049 4966 .
1091 4937 1094 4944 ·
1140 4913 1459 4978 Christo-collatum
1500 4919 1734 4982 determinante
1762 4927 1792 4981 et
1827 4915 1904 4994 appli-

1139 5022 1246 5090 nanim
1270 5023 1319 5078 est
1343 5018 1375 5076 3·
1398 5035 1413 5076 a
1444 5018 1518 5094 juro
1544 5020 1679 5082 naturali
1707 5029 1738 5082 ut
1761 5020 1903 5082 inducente

1139 5122 1170 5177 et
1208 5118 1384 5192 suadente;
1409 5117 1439 5179 t·
1468 5108 1483 5178 a
1513 5121 1585 5199 iure
1611 5122 1751 5198 gentium
1781 5130 1811 5182 ut
1846 5135 1903 5180 eon·

1138 5215 1311 5291 urcitanae,
1338 5219 1369 5280 5·
1405 5237 1422 5280 a
1452 5221 1528 5298 jure
1563 5223 1651 5283 civili
1687 5233 1721 5284 ut
1751 5229 1902 5284 reverenter

1136 5318 1351 5396 ebsequante,
1372 5339 1428 5382 seu
1448 5330 1481 5382 ut
1510 5340 1565 5400 per
1587 5325 1713 5385 civitem
1742 5325 1831 5401 tegata
1845 5339 1900 5382 sue

1136 5416 1240 5476 oiettte
1272 5416 1373 5493 legem
1410 5419 1553 5480 diamant
1592 5432 1621 5482 et
1658 5422 1899 5506 ecclesiastieae,

1135 5533 1207 5576 non·
1245 5527 1351 5578 autem
1399 5527 1433 5579 ut
1472 5521 1597 5600 pat-uprie
1641 5523 1831 5584 instituente.
1858 5519 1900 5578 liu

1133 5617 1361 5682 eettclusioues
1397 5617 1470 5681 tuse
1505 5619 1760 5684 ‹teano-nstrautur
1791 5619 1827 5680 alt
1857 5633 1899 5676 tu·

1131 5712 1281 5784 atu-reu.
1300 5716 1349 5776 de
1372 5717 1415 5776 Μ.
1446 5719 1525 5778 terat.
1555 5733 1664 5780 conca.
1692 5727 1712 5781 t.
1742 5719 1781 5790 tt,
1810 5736 1835 5794 p,
1853 5713 1898 5770 :att

1131 5811 1257 5874 titi-309.
1482 5827 1485 5837 ¹
