4042 6458
293 363 348 429 sn
806 350 1110 424 runrscauonror
1127 349 1387 418 couvnnoruvr.
1865 351 1916 422 sto

294 471 438 538 sonnis
470 469 554 536 nulli
595 468 684 532 cirili
717 468 872 549 potestati
907 466 1077 547 subiaceat.
1134 467 1203 526 lum
1234 469 1266 528 et
1297 461 1521 544 independens
1547 477 1565 526 a
1591 477 1788 545 macondus
1830 461 1916 530 cirili
2007 489 2008 556 3

295 568 548 649 (litteraapost.
562 565 621 630 SS.
634 566 672 629 Ρ.
687 565 742 628 Pii
755 566 804 630 lli
814 567 891 628 Corn
912 561 1078 638 catholiea,
1134 568 1306 639 potestate,
1332 576 1405 623 cum
1432 559 1571 622 declaret
1596 577 1630 623 se
1654 575 1721 624 uon
1747 560 1852 624 leuari
1880 563 1917 626 ad
1972 624 1977 636 ,
2007 611 2008 650 .

293 668 449 734 idilertii
468 666 568 747 1860.)
584 667 649 730 Nec
662 665 757 730 etiem
772 665 806 729 in
823 664 892 728 suis
910 661 1017 727 causis
1032 661 1079 724 ei·
1134 657 1288 724 solvende
1299 660 1419 724 tributa
1437 661 1568 742 regibus
1582 670 1691 739 terra,
1707 664 1917 744 consequitur
2007 687 2008 690 ¹

294 765 417 832 ,jppbus
434 773 467 832 οι
481 764 725 846 temporalibus,
1133 761 1221 841 quod
1236 759 1384 824 Cbristus
1399 779 1449 825 ras
1464 764 1656 842 temporales
1670 765 1786 830 babuit
1800 773 1832 829 el
1849 783 1920 846 pos·

245 894 251 902 ·
333 866 374 934 V.
398 866 445 930 lle
461 865 523 930 ilde
540 871 589 929 est
607 864 696 948 quod
712 863 859 928 cbristus
877 863 946 924 ltux
967 875 1080 940 regum
1132 855 1217 920 sedit
1247 865 1397 940 tanquam
1426 860 1574 941 princeps
1596 879 1769 940 supremus
1793 869 1826 928 et
1853 881 1920 928 sua

293 972 434 1032 merone
452 980 472 1028 a
488 961 664 1044 semetipso
681 960 793 1026 habuis
817 966 849 1024 et
873 959 969 1024 babet
985 966 1080 1022 reter-
1133 955 1284 1021 Ecclesia
1310 957 1531 1037 independens
1555 962 1736 1026 monarcha.

293 1081 367 1130 uam
382 1080 419 1128 ac
432 1077 616 1144 supremam
633 1068 819 1142 potestatem
835 1058 969 1140 regendi
982 1059 1078 1124 etiem
1172 1057 1326 1122 Praeterea
1344 1058 1518 1124 Ecclesiam
1536 1078 1628 1124 suam
1646 1071 1805 1144 perpetuo
1824 1064 1920 1128 dura·

293 1161 515 1244 temporaliter
528 1167 560 1226 ct
574 1159 712 1224 civiliter
735 1157 908 1222 Ecclesiam
922 1175 1024 1221 suam.
1134 1164 1236 1222 turem
1255 1165 1407 1239 tanquam
1432 1176 1566 1241 regnum
1589 1161 1734 1224 suumin
1750 1161 1848 1226 terris
1871 1163 1919 1225 vi-

332 1264 388 1329 vl.
411 1259 557 1324 Cbrislus
584 1277 641 1342 per
668 1259 866 1340 prophetiam
890 1269 921 1322 et
947 1261 1080 1338 liguram
1133 1256 1228 1321 sibile
1245 1265 1277 1322 el
1301 1274 1490 1338 corporeum
1513 1258 1681 1332 fundavit,
1698 1266 1729 1324 el
1752 1261 1920 1324 constituit

292 1364 357 1429 sibi
390 1362 580 1445 preparavit
603 1361 778 1442 specialem
806 1359 927 1440 regiam
952 1368 1079 1437 tumim·
1133 1372 1202 1419 eam
1217 1356 1250 1419 in
1271 1355 1454 1420 societatem
1477 1355 1650 1438 perlectam
1665 1365 1696 1421 et
1710 1361 1750 1422 ab
1764 1359 1858 1422 omui
1875 1361 1919 1424 ci·

293 1464 392 1528 relem
407 1461 604 1542 civilemque
621 1466 808 1540 potestatem
826 1459 1038 1522 exercendem
1060 1475 1080 1522 a
1133 1455 1191 1518 vili
1216 1464 1371 1534 potestate
1390 1457 1674 1536 independentem.
1695 1459 1770 1522 letae
1784 1461 1919 1526 conclu·

293 1563 469 1642 semetipso
487 1562 521 1625 in
543 1577 643 1642 reguo
662 1577 723 1624 suo
741 1558 905 1634 terrestri,
920 1559 1079 1639 quodest
1132 1555 1241 1618 siones
1267 1555 1307 1620 ad
1333 1557 1429 1620 iidem
1460 1557 1631 1634 pertinent.
1664 1560 1749 1638 Ergo
1774 1558 1918 1622 Christus
2008 1581 2009 1632 l

293 1663 449 1727 Ecclesia.
467 1661 536 1744 (ad
560 1661 655 1726 iidem
677 1659 818 1742 pertinet
843 1676 883 1722 cx
906 1658 1078 1739 Scripturis
1131 1655 1305 1722 Ecclesiam
1321 1657 1516 1722 suumomni
1533 1665 1688 1736 potestate
1707 1660 1874 1742 spirituali
1890 1671 1919 1726 et

294 1759 432 1842 perii)
1131 1757 1219 1821 civili
1242 1759 1282 1823 ed
1306 1777 1376 1824 eam
1401 1761 1573 1842 regendam
1591 1764 1775 1830 necessaria
1792 1766 1918 1832 munire

333 1861 402 1925 llll.
421 1859 566 1924 cbristus
580 1859 692 1924 vivens
704 1858 736 1922 in
749 1858 945 1922 terrissuam
957 1857 1078 1939 regiam
1131 1855 1253 1920 debuit.
1271 1857 1439 1939 ideoques

292 1967 481 2040 potestatem
499 1959 629 2024 civilem
654 1965 687 2022 et
709 1959 918 2040 temporalem
942 1976 999 2038 per
1017 1975 1077 2022 su·
1170 1956 1227 2021 lx.
1261 1958 1491 2022 sanctissimus
1517 1961 1662 2039 pontifex
1690 1964 1860 2028 Romanus
1888 1965 1919 2028 iu

290 2077 421 2140 premor
431 2068 463 2128 ct
476 2059 633 2124 maximos
648 2060 814 2140 potestatis
828 2066 917 2124 ectus
931 2059 1077 2124 exercuit
1130 2052 1223 2119 beato
1238 2057 1338 2119 Petro
1352 2057 1473 2138 accepit
1488 2059 1529 2122 ab
1543 2059 1616 2139 ipso
1630 2060 1756 2127 christo
1778 2062 1921 2142 plenitu-

291 2159 403 2244 (certe
425 2177 466 2222 ex
489 2157 699 2241 scriptoris).
725 2162 764 2224 Et
792 2161 822 2222 1.
849 2159 1077 2244 constituendo
1129 2155 1240 2220 dinem
1258 2173 1325 2220 sues
1340 2157 1436 2239 regiae
1457 2161 1621 2239 potestatis
1647 2163 1743 2227 aliam
1766 2163 1877 2228 civilis
1891 2176 1920 2228 et

290 2257 466 2323 Ecclesiam
484 2275 574 2324 suam
591 2276 665 2324 cum
680 2258 774 2338 plena
790 2265 945 2340 potestate
961 2266 1078 2324 semct-
1130 2256 1316 2336 temporalis
1329 2275 1429 2340 super
1444 2277 1579 2341 regnum
1596 2261 1654 2326 Dei
1666 2308 1676 2339 ,
1690 2263 1778 2344 quod
1797 2274 1848 2330 est
1864 2267 1920 2328 Eo-

290 2360 300 2422 i
305 2376 394 2439 psam
410 2366 478 2422 tum
494 2361 783 2442 spiritualitertum
796 2358 936 2423 civiliter
950 2367 981 2422 et
998 2365 1078 2423 lem·
1130 2352 1249 2428 etesia,
1266 2356 1455 2422 exercenda
1477 2359 1487 2438 (
1497 2361 1603 2439 certa)
1625 2378 1665 2424 ex
1683 2361 1875 2444 Scriptura,
1890 2369 1919 2424 et

288 2459 442 2540 penaliter
466 2462 597 2542 regendi
621 2469 652 2524 et
671 2459 883 2542 gubernandi.
904 2491 943 2504 —
961 2462 992 2522 2.
1016 2462 1077 2524 be·
1131 2471 1171 2517 ex
1185 2454 1306 2519 Nicolti
1327 2473 1417 2536 pepoe
1431 2458 1526 2540 epist.
1542 2462 1585 2534 ad
1604 2461 1797 2526 blicbeelem
1812 2464 1921 2542 impe-

289 2553 439 2620 cleraudo
455 2574 490 2620 se
512 2566 543 2620 et
557 2553 733 2621 Ecclesiam
748 2573 839 2621 suam
858 2556 1022 2620 immunes
1037 2557 1077 2620 ab
1130 2556 1332 2631 retorem,ibi
1343 2558 1505 2622 :desistas
1517 2559 1706 2624 beatoPetro
1716 2565 1920 2627 uitanterno

291 2654 380 2718 omni
394 2663 608 2735 regumtarras
615 2653 842 2735 jurisdictione
858 2662 888 2719 el
899 2656 1075 2731 exactione,
1130 2655 1284 2736 claoipero
1307 2658 1426 2720 temoni
1451 2659 1574 2721 seilicet
1592 2670 1621 2725 et
1642 2664 1773 2725 celestis
1790 2664 1921 2744 inperii
2009 2743 2010 2752 ἵ

289 2751 374 2833 quod
388 2764 433 2816 est
448 2753 486 2816 de
499 2753 558 2836 pde
574 2773 613 2818 ax
628 2755 831 2821 damnatione
846 2755 1076 2836 propositionis
1122 2755 1204 2836 jora
1217 2757 1381 2820 commisit.
1394 2759 1431 2820 Et
1446 2775 1514 2838 cap.
1528 2760 1564 2824 Si
1576 2763 1714 2842 fratrom
1729 2764 1818 2828 unic.
1833 2764 1920 2826 tit.v

289 2855 425 2918 Marsilii
441 2855 582 2919 Patavini
600 2863 631 2920 et
645 2855 779 2920 loannis
796 2856 837 2920 da
848 2855 996 2919 lenduno
1020 2873 1077 2935 per
1130 2864 1292 2935 extravag.
1308 2858 1442 2921 loannis
1456 2861 1570 2935 xxti,
1586 2861 1625 2932 in¹
1640 2879 1703 2942 que
1716 2863 1764 2928 sic
1781 2863 1920 2928 babetur

288 2955 445 3016 loannem
463 2953 836 3035 XXll,buJustenorise
853 2955 1075 3036 slllud,quod
1130 2972 1315 3035 expresse:
1336 2957 1417 3020 Sane
1434 2959 1627 3024 innostram
1647 2970 1677 3024 et
1698 2965 1835 3044 [rotrone
1863 2976 1944 3025 reo-¹

289 3051 330 3113 de
350 3051 476 3116 Christo
497 3054 616 3134 legitur
640 3056 673 3118 in
697 3055 871 3134 Evangelio
893 3055 976 3118 beati
997 3057 1077 3119 blet-
1129 3061 1269 3128 strarant
1298 3054 1465 3121 deductum
1494 3067 1540 3122 est
1578 3059 1683 3142 (sarna
1716 3060 1918 3144 dissipante)

289 3149 384 3228 rhei,
416 3155 501 3234 quod
532 3153 602 3233 ipse
630 3149 725 3220 solvit
751 3155 908 3219 tribulum
939 3155 1075 3233 Caesuri,
1128 3153 1291 3230 notitiam,
1307 3155 1392 3235 qaod
1406 3157 1479 3220 licet
1493 3157 1530 3218 de
1543 3160 1620 3238 jnse
1638 3161 1681 3223 sit
1701 3160 1874 3241 liquidum,
1892 3173 1919 3224 et

288 3253 417 3331 quando
441 3261 590 3317 staterem
614 3264 779 3336 sumptum
807 3273 848 3320 ex
872 3273 927 3320 ore
953 3256 1073 3336 piscis,
1128 3252 1166 3314 ao
1184 3251 1259 3316 olim
1271 3256 1371 3334 suerit
1386 3257 1569 3322 inconcusse
1584 3271 1751 3335 versatam,
1767 3262 1853 3341 qnod
1869 3283 1920 3326 co·

288 3347 356 3412 illis
370 3393 379 3425 ,
395 3349 452 3430 qui
474 3351 624 3430 petebant
645 3353 849 3430 didrachma,
868 3355 967 3436 jussit
982 3355 1073 3431 dari,
1129 3362 1217 3417 eante
1237 3355 1369 3434 imperio
1374 3401 1435 3422 .....
1451 3377 1522 3442 caera
1542 3362 1576 3424 in
1598 3361 1654 3423 illo
1674 3361 1717 3423 ad
1736 3365 1919 3426 secularem

288 3447 435 3512 haeserit
458 3465 521 3513 nou
541 3451 810 3529 condessensire,
828 3461 859 3516 et
884 3453 1074 3518 liberalitate
1121 3452 1262 3534 jadicem
1272 3467 1403 3535 nequeat
1415 3457 1524 3521 baberi
1538 3463 1919 3538 secessas,adsansnan
2010 3543 2011 3570 1

288 3561 355 3608 suaa
378 3545 531 3624 pietalis,
553 3547 610 3609 sed
635 3549 824 3614 necessitate
845 3559 985 3616 coactus.
1003 3576 1018 3611 o
1036 3585 1076 3600 -
1124 3554 1323 3633 pontificem,
1336 3558 1389 3619 ceri
1402 3559 1436 3620 in
1448 3575 1586 3638 persono
1599 3561 1683 3626 beati
1692 3565 1782 3628 Petri
1796 3570 1918 3632 terreni

288 3643 319 3704 3.
334 3643 424 3706 Hanc
446 3660 629 3722 supremam
653 3654 841 3725 potestatem
864 3652 1072 3730 temporalem
1128 3650 1223 3712 simol
1238 3661 1267 3713 et
1284 3653 1417 3718 solertis
1432 3659 1736 3740 imperiijnralleus
1749 3666 1816 3744 ipse
1835 3686 1917 3728 eorn-
2010 3741 2011 3744 Ἴ

288 3747 435 3805 exercuit
449 3741 645 3806 collecteudo
664 3762 721 3824 pro
743 3763 779 3810 se
795 3753 828 3810 el
841 3748 980 3828 collegio
995 3767 1075 3830 apo·
1127 3749 1231 3824 misit,
1246 3751 1374 3830 imperii
1386 3754 1533 3832 predicti
1547 3757 1747 3838 jurisdictio,
1763 3764 1913 3842 reptasse,

289 3843 405 3906 stolico
422 3842 602 3907 oblationes
617 3861 634 3908 u
648 3845 854 3910 credentibus
869 3848 904 3911 in
920 3867 976 3924 sa,
994 3853 1072 3916 Luc.
1127 3856 1157 3908 st
1171 3847 1339 3930 dispositio
1354 3851 1574 3931 desolarentur,
1590 3867 1619 3919 et
1635 3879 1671 3920 eo
1685 3862 1751 3940 ipse
1763 3861 1774 3940 l
1780 3861 1915 3925 durante

288 3955 362 4014 arev,
376 3941 397 4000 2
412 3941 477 4002 elil
1129 3948 1230 4027 ipsias
1246 3953 1409 4016 roratione
1428 3954 1572 4037 imperii)
1588 3977 1649 4038 per
1665 3977 1714 4035 se,
1731 3960 1780 4022 oel
1793 3962 1911 4037 aliens,

329 4038 412 4102 Vlll.
427 4040 574 4106 Christus
591 4043 702 4108 vivens
718 4045 751 4107 in
766 4045 859 4108 terris
876 4047 987 4110 hebuit
1001 4066 1073 4112 cum
1126 4067 1180 4112 sote
1194 4051 1275 4112 alios
1296 4057 1474 4116 exercuisse
1489 4058 1634 4120 noscitur
1648 4061 1684 4122 in
1699 4061 1832 4142 imperio
1848 4083 1912 4125 ene·

289 4136 427 4217 collegio
456 4142 675 4220 apostolorum
710 4161 818 4207 rerum
849 4147 1072 4226 temporalium
1126 4159 1247 4211 necroto
1275 4152 1459 4226 :nonnulli
1475 4159 1627 4220 tamenin
1644 4159 1748 4224 Italia
1765 4155 1913 4244 partibas

289 4235 527 4312 possessionem
542 4246 574 4302 et
590 4239 771 4304 dominium
783 4242 939 4308 directum
955 4254 986 4308 et
1002 4264 1073 4324 per·
1126 4251 1293 4330 potestatis
1311 4259 1341 4312 et
1354 4252 1521 4332 dianiensis
1533 4258 1697 4337 sostipinsn
1715 4262 1828 4326 illicite
1849 4285 1913 4327 orn·

288 4333 419 4397 seclum.
440 4337 449 4418 (
466 4337 511 4399 De
529 4339 590 4401 lide
607 4347 655 4401 est
671 4356 711 4402 ex
729 4341 1070 4421 representassent,
1126 4348 1283 4414 dientes...
1306 4351 1419 4432 absque
1436 4364 1547 4416 nostro
1560 4355 1609 4418 oel
1624 4361 1808 4438 apostoliea
1829 4363 1910 4426 sedis

287 4434 332 4495 De
356 4433 480 4500 oerbor.
498 4438 607 4521 sienis.
630 4439 678 4502 tit.
703 4459 771 4517 xrv,
795 4453 956 4526 estserae.
974 4448 1073 4510 loen·
1123 4451 1225 4530 petita
1239 4449 1288 4512 oel
1297 4450 1422 4514 obtento
1435 4453 1562 4518 licentio
1576 4460 1714 4521 retinere
1731 4461 1795 4524 sibi
1807 4462 1911 4543 (qued

287 4533 339 4596 uis
353 4535 480 4617 xxti.)
497 4539 533 4601 llt
549 4539 699 4620 exemplo
717 4557 777 4604 suo
791 4543 950 4608 stabiliret
968 4546 1074 4611 Eeclc-
1126 4555 1219 4611 autea
1228 4549 1382 4630 gerebant
1394 4569 1432 4613 ax
1445 4553 1647 4632 imperatoris
1658 4560 1909 4642 commissione),

286 4629 343 4692 sim
376 4649 445 4696 sum
475 4635 531 4715 J'us
567 4639 782 4714 possessionis
812 4651 843 4704 et
866 4646 1014 4710 dominii.
1033 4683 1073 4696 -
1126 4656 1227 4711 etc...
1248 4651 1425 4714 temerariis
1443 4653 1572 4716 ausibus
1586 4671 1909 4738 presumpserunt...

287 4729 430 4809 ideaque
470 4734 673 4812 pertinaciter
711 4743 963 4808 contradicentes
996 4757 1071 4813 sunl
1124 4745 1241 4811 Noe...
1257 4749 1430 4812 salubriter
1449 4768 1614 4814 occurrere
1632 4757 1908 4838 capientes,proe-

286 4824 429 4892 heretici
444 4838 476 4892 et
492 4842 659 4912 nequeunt
673 4837 796 4900 absolvi
814 4839 877 4904 nisi
902 4859 919 4906 e
943 4862 1072 4912 summo
1125 4845 1460 4910 sentinmanctore'tate
1474 4865 1652 4926 monemus,
1668 4853 1726 4915 snb
1742 4874 1909 4918 serenaru-

286 4928 458 5020 pontifice,
492 4947 532 4993 ex
564 4931 653 4997 bulla
679 4935 857 5001 Pastorolis
889 4942 923 5005 iu
959 4947 1071 5024 Coeae3
1124 4946 1296 5010 nicationis
1314 4966 1421 5029 pano,
1440 4967 1545 5021 ornnes
1565 4953 1751 5032 etsinpeslos
1754 5001 1816 5021 .....
1834 4976 1908 5036 qoo-

286 5024 412 5087 etiamsi
431 5025 810 5112 sintocoultibaereticis
834 5046 865 5101 et
890 5046 1071 5109 sacerdotes
1126 5050 1216 5106 tentes
1219 5090 1281 5109 .....
1296 5064 1435 5126 prorsas
1452 5047 1683 5115 abstineant-et
1707 5055 1830 5117 omnino
1854 5055 1908 5116 de-

285 5121 471 5204 bujasmodi
488 5128 714 5208 absolventes,
731 5145 863 5216 excepto
878 5141 992 5204 mortis
1017 5160 1070 5206 ar·
1125 5147 1251 5210 rulant.

286 5223 543 5299 tioulo,nulliter
558 5235 1071 5316 aguntelmajoremsauctoesedi
1164 5247 1206 5308 X.
1229 5247 1370 5310 Ecclesia
1398 5249 1552 5316 callvollca
1581 5259 1676 5332 prout
1701 5262 1750 5318 est
1774 5255 1904 5318 societas

284 5327 477 5384 reservatam
501 5328 867 5396 excommunicationem
893 5334 965 5416 ipso
988 5339 1071 5406 lacto
1124 5344 1410 5425 divino-bumana,
1429 5349 1555 5432 dejure
1570 5352 1684 5417 dirino
1703 5361 1803 5434 potest
1823 5355 1903 5417 bona

284 5415 467 5484 incurrunt.
485 5426 530 5488 Ex
546 5426 656 5490 eedem
675 5427 763 5495 bulla
778 5433 966 5501 Pastoralis.
1123 5447 1311 5526 temporalia
1333 5449 1522 5528 possidere,
1541 5460 1573 5516 et
1591 5454 1784 5534 eedemJure
1796 5455 1902 5517 divino

325 5517 404 5581 Cum
437 5538 477 5583 ex
514 5527 768 5600 precedentibus
806 5535 1070 5626 conclusionibus
1124 5547 1219 5615 hebet
1242 5551 1687 5632 planum,periectum,imo
1708 5573 1899 5634 supremum,

285 5615 430 5682 Christus
447 5638 510 5685 non
525 5631 647 5689 tantrrm
663 5625 813 5693 babuerit
827 5651 934 5698 rerum
951 5642 1071 5718 tempo·
1124 5647 1347 5727 independens
1369 5661 1402 5716 οι
1426 5663 1609 5734 „emptum
1636 5675 1652 5720 ὃ
1678 5657 1818 5722 ,murari
1839 5673 1900 5737 ρο.

222 5741 225 5748 ·
285 5715 400 5781 ralium
423 5721 604 5790 dominium
625 5727 811 5810 singulare,
829 5735 885 5800 sod
907 5737 1002 5802 etiam
1024 5742 1069 5805 al·
1126 5754 1238 5818 testate
1254 5749 1435 5816 dominium
1452 5753 1485 5818 in
1502 5754 1596 5820 bonis
1615 5757 1839 5838 temporalibus
1856 5758 1898 5822 ab
