4008 6460
257 393 316 480 'aa
809 425 1403 508 aunrsmnqntcicuurnnurun,
1886 459 1924 526 at

280 527 343 590 aab
363 529 555 594 innocentio
578 532 635 610 ll,
659 550 728 614 rap.
753 535 791 600 Si
817 540 889 620 quir
916 539 1070 610 mareau
1121 545 1277 616 benditur
1317 555 1471 636 quaelibet
1516 562 1600 626 actio
1636 568 1780 634 exterior
1821 574 1924 649 tniu·

280 627 406 691 daubolo
437 631 488 705 69,
509 650 605 698 causa
628 637 1068 726 11,qnesr.t,iui:saquu
1120 647 1207 714 riosa
1247 671 1416 733 personam
1450 660 1782 745 ecclesiasticamrel
1808 691 1861 738 res
1888 677 1921 740 ei

274 729 430 792 'suadente
463 729 588 796 dictato
620 733 713 818 lrrjue
748 741 912 822 socrilepii
947 755 1070 810 rentum
1119 750 1323 822 adherentes
1366 759 1527 827 violenter
1562 773 1699 849 tangens
1738 773 1810 839 sire
1855 777 1922 842 im·

280 827 1069 913 incurrerit,quodiuclericumeeliarnouoelrum
1119 855 1277 934 mediate,
1317 860 1389 925 sine
1426 866 1583 944 mediate,
1613 873 1686 936 sire
1720 875 1772 938 irat
1801 894 1918 954 manu,

279 929 432 993 eicientes
450 952 558 996 manue
582 937 738 1018 injecerit,
765 944 972 1007 anathematis
999 947 1070 1009 oie-
1119 957 1190 1021 sire
1207 961 1301 1039 pede,
1317 964 1388 1030 sive
1410 967 1555 1048 brachio,
1570 980 1626 1036 put
1641 977 1758 1056 quovis
1771 979 1839 1043 alio
1867 979 1920 1044 in·

198 1004 201 1012 ’
279 1029 350 1092 culo
371 1032 541 1113 subjaceat,
561 1039 713 1101 etnuliua
741 1045 1069 1125 episcoporumillum
1116 1062 1300 1150 strumento
1331 1071 1437 1148 capaci
1474 1073 1513 1136 ad
1554 1071 1824 1156 ledendum...
1863 1085 1916 1146 uti

275 1141 447 1210 proeettmttt
474 1133 635 1200 (ibidlvei'd
672 1139 749 1220 (nisi
778 1145 891 1207 mdi'iiS
919 1146 1066 1225 periculo
1095 1170 1205 1235 ¹,ossei
1237 1163 1390 1232 clericum
1424 1175 1590 1253 occidero,
1627 1180 1802 1252 mutilare,
1839 1186 1917 1248 vui.

222 1213 223 1216 Ἴ
276 1236 434 1314 “ritimis
462 1232 558 1300 d⁰l¹0⁶
586 1241 763 1320 tpttltit'tt
783 1247 968 1326 ⁰0tl⁸l³0⁶⁸¹⁴l⁹
987 1265 1069 1328 itm·
1118 1279 1243 1344 merare,
1257 1280 1439 1350 percutere,
1452 1293 1527 1340 anm
1540 1279 1861 1348 riulcnterdetlnera
1877 1286 1914 1350 in

276 1339 433 1411 cantetur,
456 1346 486 1397 et
500 1338 566 1418 ejus
583 1339 762 1406 mandatum
775 1349 943 1428 suscipiat.
1119 1365 1248 1444 publica
1263 1383 1317 1434 aut
1331 1374 1452 1452 privata
1462 1381 1623 1457 custodia,
1641 1385 1768 1462 eripere
1779 1385 1913 1468 aliquid

315 1432 357 1496 lt.
380 1433 497 1499 Clerici
537 1443 678 1520 paradent
720 1447 892 1530 privilegio
930 1455 1065 1520 anonis
1101 1467 1483 1554 ,perrimatinjurlam
1513 1478 1554 1543 de
1579 1480 1742 1559 manibus,
1764 1484 1912 1550 relccr·

270 1531 382 1596 'solum
395 1536 470 1616 jara
483 1542 703 1610 ecclesiastico
717 1556 748 1611 et
765 1552 903 1630 positivo
920 1553 1065 1622 inducto.
1119 1579 1197 1646 pore
1216 1569 1335 1652 ipsius,
1351 1581 1386 1638 ut
1406 1576 1538 1658 librum,
1555 1582 1692 1663 pileum,
1713 1595 1769 1650 aut
1785 1595 1910 1651 restem

277 1631 435 1714 (Facula.
461 1641 493 1705 in
518 1659 545 1706 c.
572 1644 802 1726 Perpeadlmua
829 1654 880 1728 23,
912 1657 957 1718 ile
983 1668 1064 1723 rent.

276 1753 395 1803 eccam.
417 1744 454 1804 lit
470 1751 519 1808 est
534 1745 749 1816 indubitatum
762 1759 848 1836 aptud
865 1765 1005 1842 ornnes.)

315 1839 372 1903 til.
396 1843 519 1910 Omnes
541 1846 589 1911 illi
611 1850 733 1929 clerici,
758 1859 918 1936 monachi,
943 1871 975 1925 et
994 1883 1065 1932 mo·

276 1935 391 2018 nieles,
414 1943 472 2024 qui
491 1949 701 2017 veniuntsub
716 1957 848 2023 nomine
871 1961 1063 2030 clericorum

275 2035 309 2099 in
323 2036 567 2125 favorabilibus,
588 2062 623 2117 ut
642 2053 675 2118 in
700 2058 802 2137 capita
823 2061 953 2148 lbajus
969 2067 1061 2149 libri,

274 2136 416 2214 gaudent
431 2142 604 2228 privilegio
621 2156 767 2221 canonis.

315 2239 367 2300 tv.
389 2241 507 2310 Clerici
522 2267 635 2316 omnes
651 2255 721 2320 sive
736 2257 770 2322 ic
791 2264 903 2341 sacris,
930 2269 1001 2334 slva
1029 2272 1062 2336 in

273 2335 455 2406 minoribus
474 2344 678 2418 dimittentes
696 2355 842 2426 habitum
864 2365 1060 2447 clericalem,

272 2438 303 2494 et
329 2440 495 2507 tonsuram
519 2464 558 2512 er
590 2452 660 2518 sola
692 2459 852 2539 vanitate,
873 2467 922 2530 nel
954 2471 1061 2550 negli-

265 2539 399 2625 ¹qentia,
429 2560 495 2608 non
524 2552 665 2630 perdunt
695 2559 903 2643 privilegium
927 2575 1061 2638 ceraunis

271 2642 345 2700 ante
355 2640 472 2707 trinam
488 2651 712 2720 manitionem.
724 2657 770 2738 lc.
781 2663 821 2725 ta
829 2667 993 2734 audientia
1007 2674 1057 2753 ab,

271 2743 303 2797 et
326 2755 355 2801 c.
381 2741 549 2828 Cautinpit
572 2752 623 2830 tu,
651 2756 697 2818 De
715 2769 796 2826 rent.
825 2771 957 2854 excom.)
981 2774 1059 2840 Per-

270 2835 351 2900 dunt
369 2851 477 2909 autem
493 2849 601 2915 statim
624 2864 699 2922 ante
723 2864 934 2932 monitionem
960 2875 1059 2952 priri-

269 2935 391 3019 iegium
408 2951 554 3029 cananis,
571 2953 600 3018 si
616 2973 656 3020 ex
672 2959 856 3044 iniquitate,
884 2979 914 3034 et
938 2976 1058 3042 malitia

269 3037 415 3110 habitum
455 3050 638 3120 clericalem
670 3067 701 3124 at
734 3074 899 3134 tonsuram
946 3075 1058 3142 dimit·

269 3151 352 3220 tant;
375 3164 433 3212 seu
457 3153 609 3234 deposito
624 3160 748 3240 babitu,
765 3175 795 3232 et
813 3179 944 3238 tonsura
960 3179 1056 3244 cleri·

195 3294 198 3300 Α
269 3240 330 3303 cali
350 3249 598 3318 enormitatibus
616 3275 652 3321 se
675 3261 890 3335 immisceant.
913 3273 960 3354 (C.
980 3279 1059 3342 Ceam

267 3357 333 3402 uon
348 3343 386 3408 ab
413 3348 537 3415 lramiue
553 3355 601 3431 rt,
616 3359 662 3422 Ile
680 3374 814 3431 sentent.
831 3379 1057 3454 serenillam

222 3461 224 3464 ·
267 3439 1059 3560 clericirealiterdegradati,etsolemnirerrlepo-

267 3543 336 3607 siti.
353 3547 412 3624 (Ex
427 3567 455 3617 c.
472 3552 679 3638 Deprodntia,
695 3563 727 3627 in
739 3567 770 3642 6,
784 3569 827 3631 be
835 3575 937 3652 penis
955 3577 1010 3640 lib.
1026 3599 1055 3655 v,

268 3640 390 3727 titia.)

309 3745 347 3811 v.
369 3749 491 3816 Omnes
517 3756 690 3843 utriusque
713 3781 810 3832 sexus
826 3788 970 3850 personae
997 3797 1056 3846 ex·

266 3853 571 3923 communicationis
586 3879 731 3942 capaces,
753 3869 780 3930 si
800 3889 913 3936 luanus
933 3881 1058 3945 violen-

267 3956 315 4012 tas
338 3951 371 4016 in
397 3954 632 4035 clausumve!
660 3971 852 4037 monachum
874 3978 1057 4062 injecerint,

267 4047 350 4115 banc
385 4061 755 4134 exrrommunicationem
794 4072 965 4144 incurrunt
1001 4104 1058 4165 per

266 4150 409 4230 glossam
425 4155 459 4220 in
474 4158 560 4226 dicto
575 4179 644 4244 cap.
658 4167 696 4231 st
711 4173 799 4250 quta:
822 4185 853 4240 et
882 4185 1058 4262 exponitur

266 4269 335 4332 cap.
349 4255 501 4321 Mulieres
516 4263 547 4340 6,
573 4265 619 4327 De
638 4279 719 4335 seat.
739 4293 859 4341 ccccm.

245 4390 247 4394 -
309 4353 362 4420 t't.
387 4358 435 4420 Ad
464 4359 689 4432 incurrendam
720 4372 801 4440 banc
829 4390 1058 4453 excommuni-

267 4454 426 4522 cationem
452 4464 632 4542 requiritur
654 4475 762 4551 pravis
793 4478 930 4561 injuria,
960 4495 992 4552 et
1023 4492 1056 4556 in

267 4555 391 4624 ratione
407 4564 585 4646 sacrilegii,
606 4583 771 4650 peccatum
788 4584 936 4664 mortale,
962 4591 1005 4654 ita
1023 4600 1057 4657 ιιι

261 4661 334 4733 ΙΙιιιιι
358 4663 456 4726 simul
487 4681 702 4750 concurrant,
730 4685 762 4741 ct
783 4699 878 4758 prava
908 4690 1056 4760 voluntas

270 4758 441 4826 intendens
457 4764 629 4848 clericum,
646 4775 695 4839 rel
714 4783 906 4848 monachum
918 4796 1057 4870 graviter

269 4857 399 4936 laedere,
415 4872 445 4927 et
461 4877 618 4936 externus
629 4875 776 4960 effectus,
793 4903 851 4950 sau
862 4886 933 4967 ipsa
949 4897 1055 4974 graneis

267 4957 358 5024 laesio
377 4963 411 5027 in
431 4968 528 5032 rebus
543 4976 701 5054 eorporis,
721 4981 771 5046 rel
786 4981 922 5052 honeris
936 4991 1054 5074 ipsius,

268 5062 400 5125 undosi
417 5082 520 5130 unum
535 5087 574 5134 ax
597 5071 670 5136 istis
693 5077 831 5176 deficiat,
848 5101 912 5150 non
931 5101 1057 5172 coutra-

267 5161 357 5226 bitur
378 5162 446 5230 baec
469 5185 619 5251 censura,
645 5176 721 5258 quia
740 5197 842 5248 canon
871 5189 933 5253 tria
957 5209 1057 5276 capn-

267 5262 364 5330 lative
385 5269 424 5332 ad
441 5267 524 5336 hana
548 5274 776 5345 incurrendam
794 5286 922 5355 uidebar
947 5295 1057 5378 requi·

165 5431 166 5434 Ἴ
268 5383 353 5444 rere,
374 5368 501 5437 scilicet
523 5373 644 5442 iactum
669 5397 952 5472 consummatum,
977 5399 1055 5472 dum

266 5467 346 5532 dicit
366 5492 477 5538 monus
503 5476 660 5564 injecerit,
689 5485 834 5553 animum
861 5492 1055 5579 injuriandi,

266 5572 344 5634 alum
358 5573 436 5639 dicit
453 5580 603 5646 suadente
624 5583 761 5666 diabolo,
794 5599 825 5656 el
854 5595 1054 5680 violentiam,

1115 1669 1147 1734 ei
1165 1671 1402 1754 adherentem,
1427 1679 1538 1762 ipsum
1566 1685 1782 1770 conspergere
1809 1706 1910 1768 aqua,

1116 1772 1266 1854 pulnere,
1290 1779 1524 1860 rentiliacum
1540 1789 1708 1870 persequi,
1731 1797 1768 1854 ιιι
1786 1790 1820 1854 in
1846 1792 1910 1854 llu-

1118 1877 1205 1940 rium
1230 1883 1287 1944 ant
1314 1881 1434 1949 fossam
1454 1887 1587 1966 incidat,
1608 1908 1693 1971 equo
1718 1892 1859 1967 decidat,
1877 1903 1910 1958 et

1116 1976 1249 2043 similia.
1271 1979 1398 2064 (Glossa
1414 1984 1447 2049 in
1465 1985 1551 2052 dicta
1568 2007 1639 2070 cap.
1653 1991 1690 2056 st
1709 1993 1799 2074 pair,
1815 1993 1908 2057 verb.

1084 2063 1086 2067 ¹
1115 2079 1243 2155 Manus,
1262 2091 1295 2148 et
1308 2101 1337 2149 o.
1353 2085 1733 2168 depraecemur.
1760 2115 1908 2172 excom..

1115 2180 1194 2243 elin
1219 2197 1290 2262 cap.
1316 2186 1354 2249 st
1376 2190 1448 2268 qnia
1468 2189 1618 2270 pulsatus
1649 2197 1699 2272 13,
1729 2213 1827 2262 causa
1853 2200 1907 2277 33,

1114 2288 1228 2364 quaest.
1258 2283 1324 2363 3.)
1358 2288 1496 2369 lnjicere
1528 2297 1831 2362 mannsriulentas
1872 2301 1908 2364 ia

1113 2397 1250 2461 equum,
1276 2385 1329 2448 cui
1358 2388 1498 2454 clericus
1523 2392 1660 2471 insidet,
1691 2397 1785 2460 illum
1817 2401 1908 2462 occi·

1113 2482 1232 2556 dendo,
1249 2484 1463 2562 vulnerando,
1486 2487 1709 2571 percutiendo,
1731 2505 1789 2561 aut
1818 2499 1907 2563 deti·
2000 2491 2001 2510 ¹

1113 2585 1238 2658 aendor
1257 2587 1331 2651 licet
1346 2590 1434 2652 enim
1458 2591 1646 2674 hujusmodi
1664 2599 1829 2664 violentiae
1842 2600 1909 2663 cle·

1112 2689 1180 2751 ricc
1207 2689 1302 2754 ittera
1327 2709 1442 2773 graves
1483 2713 1548 2760 non
1591 2701 1657 2764 sint
1689 2703 1906 2780 comparativa

1109 2789 1269 2866 curatoris,
1285 2798 1361 2854 sunt
1375 2799 1480 2855 tamen
1497 2811 1610 2874 graues
1626 2803 1723 2878 atque
1749 2797 1905 2862 mortales

1110 2891 1329 2970 comparutire
1345 2895 1490 2969 bunonis,
1506 2897 1564 2976 qui
1584 2899 1823 2962 contumeliose
1847 2899 1905 2964 tre·

1110 2988 1210 3060 ditur,
1223 2993 1269 3053 uti
1283 2994 1403 3056 nutarit
1416 2995 1585 3060 innocent.
1603 2999 1645 3061 lll
1661 2999 1694 3062 ia
1706 3017 1776 3078 cap.
1791 3001 1905 3080 Nuper·

1108 3089 1160 3160 ill,
1180 3089 1221 3150 De
1236 3099 1368 3154 sentent.
1383 3112 1502 3158 excom.
1522 3118 1537 3154 ι
1556 3097 1713 3176 (Fannia.
1727 3100 1817 3162 verb.
1837 3101 1905 3162 Ea·

1109 3190 1363 3262 communicatio,
1378 3198 1437 3253 art.
1455 3193 1505 3268 to,
1523 3210 1555 3256 n.
1572 3195 1636 3258 iet
1655 3200 1762 3278 seqq.)

1150 3291 1220 3358 vll.
1244 3293 1383 3358 Cononis
1404 3297 1774 3362 excommunicationem
1789 3298 1903 3362 ιιιιιιιι-

1108 3409 1186 3458 runt
1201 3420 1209 3459 ι
1226 3398 1256 3460 1.
1272 3397 1398 3461 Nedum
1416 3416 1530 3463 manus
1560 3400 1720 3463 violentas
1746 3401 1780 3464 in
1809 3400 1904 3464 cleri-

1108 3513 1196 3570 curn,
1219 3495 1270 3558 vel
1288 3497 1493 3572 monachum,
1506 3499 1662 3563 suadente
1678 3499 1812 3566 diabolo
1827 3501 1904 3585 inji-

1109 3597 1245 3672 cientes,
1265 3596 1435 3662 sedetiam
1456 3599 1490 3662 id
1510 3601 1902 3678 mandantes,dnmmcdo

1108 3697 1245 3761 effectus
1261 3708 1429 3780 sequatur.
1443 3701 1486 3780 (C.
1499 3701 1650 3765 Mulieres
1663 3704 1694 3776 6,
1709 3706 1755 3767 De
1765 3713 1902 3770 sentent.

1107 3799 1245 3880 escere.)
1258 3835 1296 3848 -
1307 3802 1339 3865 6.
1355 3802 1419 3877 Qui
1437 3801 1510 3866 licet
1528 3820 1592 3868 non
1609 3807 1761 3868 mandent
1779 3805 1903 3870 riolan·
2000 3831 2001 3836 ¹

1106 3911 1172 3965 tarn
1197 3917 1351 3966 mannum
1370 3901 1580 3983 injectionem
1604 3904 1638 3969 in
1663 3905 1821 3970 clericum
1851 3907 1903 3970 rel
2000 3931 2001 3940 ι

1109 4001 1326 4078 monachum,
1356 4018 1418 4066 suo
1441 4013 1547 4067 tamen
1566 4007 1697 4070 nomine
1729 4008 1805 4088 (non
1826 4027 1904 4074 aero
2000 4061 2001 4076 ,

1109 4102 1244 4167 alterius
1267 4101 1424 4181 nomine),
1443 4103 1559 4183 gratia,
1577 4105 1627 4168 rel
1645 4105 1767 4170 intuitu
1786 4107 1903 4172 laetam
2000 4199 2001 4212 ἵ

1109 4206 1203 4287 signo
1233 4204 1344 4284 aliquo
1376 4211 1513 4268 externo
1532 4204 1744 4274 ratihabeant.
1769 4208 1903 4290 (Texta
2000 4218 2001 4304 l

993 4348 996 4354 ,
1104 4323 1264 4386 expresso
1280 4323 1306 4370 c.
1327 4306 1405 4371 Cum
1419 4307 1490 4389 quie
1507 4308 1558 4382 23,
1571 4308 1615 4369 lle
1632 4318 1767 4373 ιιιιιιιιι.
1779 4329 1903 4375 aescae.
2000 4317 2001 4387 ,

1108 4407 1142 4470 in
1158 4407 1203 4484 6.)
1223 4438 1261 4454 *-
1286 4407 1317 4470 3.
1342 4403 1407 4482 Qui
1444 4404 1598 4470 clericum
1628 4408 1678 4470 rel
1705 4411 1903 4475 monacham
2000 4441 2001 4458 ι

1109 4508 1205 4570 ettam
1226 4506 1349 4588 absque
1368 4504 1435 4568 ulla
1459 4505 1592 4570 lesione
1611 4510 1770 4586 corporali
1797 4510 1904 4574 reclu-

1109 4610 1203 4685 dunt,
1232 4609 1282 4672 uel
1310 4606 1456 4671 detinent
1476 4608 1509 4670 in
1533 4610 1717 4674 carceribus
1746 4611 1901 4690 publicis,
2000 4619 2001 4632 ι

1109 4711 1158 4774 uel
1179 4709 1327 4788 privatim
1348 4707 1397 4771 vel
1414 4709 1447 4772 in
1466 4708 1575 4788 aliqua
1591 4709 1767 4789 demutet
1782 4713 1850 4776 alin
1865 4713 1901 4778 in
2000 4755 2001 4764 ι

1108 4809 1179 4874 luco
1196 4809 1368 4890 injuriose,
1378 4817 1409 4873 el
1419 4809 1575 4874 violenter
1586 4811 1740 4888 retinent,
1755 4831 1796 4876 ne
1809 4813 1901 4878 exire

1109 4907 1257 4991 possint3
1284 4915 1316 4972 et
1342 4924 1409 4990 quo
1429 4911 1611 4987 notuerint,
1629 4911 1731 4978 libera
1749 4917 1900 4996 progredi

1108 5018 1281 5091 nequeant.
1295 5012 1338 5088 (C.
1353 5011 1466 5091 Nuper
1478 5013 1509 5084 2,
1527 5013 1900 5099 vescanensem.)-

1107 5113 1138 5176 t.
1155 5110 1386 5186 consulentes,
1408 5109 1566 5174 auxilinm
1588 5111 1742 5186 serentes,
1760 5133 1900 5182 consen·

1098 5213 1236 5286 tientes,
1245 5211 1415 5274 sociantes.
1431 5211 1478 5288 (C.
1491 5212 1624 5288 anetoe
1639 5215 1689 5291 tn,
1706 5217 1750 5280 aa
1762 5226 1896 5282 emerat.
2000 5217 2001 5222 ’

1099 5330 1241 5387 cacare,
1252 5319 1282 5375 et
1295 5311 1454 5374 Clamant.
1470 5314 1500 5387 1,
1516 5314 1561 5376 De
1572 5316 1701 5395 panis,
1720 5326 1751 5379 et
1763 5335 1791 5381 c.
1807 5319 1897 5382 Sicut

1099 5418 1137 5491 ,1,
1152 5415 1197 5477 Dc
1219 5411 1369 5478 homicid.
1391 5412 1552 5482 coluntur.
1569 5416 1628 5481 lib.
1656 5435 1686 5494 ι,
1702 5419 1752 5482 ιιι.
1773 5419 1846 5503 ιιι.)
1860 5455 1898 5468 ..

1102 5517 1136 5588 li.
1159 5519 1280 5580 Omnes
1297 5513 1347 5576 illi
1379 5515 1438 5597 qai
1474 5534 1514 5581 ex
1546 5518 1665 5594 cilicio,
1694 5520 1743 5586 uel
1772 5521 1838 5586 alic
1859 5523 1900 5634 ti:

1106 5612 1176 5678 tulo
1198 5616 1366 5685 tenentur,
1390 5618 1422 5676 et
1450 5623 1587 5693 possunt
1610 5617 1682 5682 sine
1713 5635 1775 5683 suo
1805 5636 1895 5700 grear

266 5675 344 5738 ‘¹⁰⁰¹
364 5677 443 5741 ‘¹5⁰5‘
462 5683 757 5766 delenimentum,
776 5692 825 5756 uli
856 5707 943 5764 notat
971 5703 1056 5770 inter
1106 5711 1313 5778 incommodo
1341 5710 1424 5777 hanc
1448 5713 1620 5780 violentam
1654 5735 1811 5784 manuum
1844 5723 1897 5785 in·

264 5778 349 5845 alios
373 5783 537 5864 Sparallns
551 5792 653 5859 decis.
669 5795 719 5870 bt,
740 5815 772 5860 n.
789 5799 838 5862 12.

305 5885 434 5967 «reru
450 5907 560 5955 monere
576 5897 728 5962 uiolentus
744 5901 898 5984 injecerit,
912 5924 1054 5991 compre·

1102 5812 1280 5898 jectionem
1296 5811 1469 5894 impedire,
1484 5823 1515 5880 et
1531 5834 1595 5883 non
1614 5818 1812 5901 impediunt,
1834 5825 1898 5888 sic·

1107 5929 1172 5995 que
1198 5913 1293 5980 tacite
1312 5915 1538 5998 consentiunt,
1561 5927 1593 5986 et
1620 5923 1823 6004 permittunt,
1846 5922 1894 5990 uti
