4042 6458
95 401 150 468 521
415 397 512 460 PARS
530 396 587 460 111.
610 396 660 460 DE
681 395 878 461 sensuale.
895 419 933 436 ··
951 398 1026 461 tta.
1046 399 1098 462 tx.
1122 399 1171 462 litt
1190 399 1330 475 tatetS,
1353 399 1433 462 ETG.
1682 399 1736 465 522

91 514 167 592 ipsa
190 509 366 592 possessis.
388 511 476 588 (ttec
498 509 667 596 conclusio
694 518 743 576 est
766 510 807 574 dc
832 511 892 576 lide
948 513 1008 574 ctis
1023 511 1190 576 deheresi
1205 509 1429 586 Wictcllit,bis
1444 507 1736 576 terminisrtttrum

91 612 203 693 quoad
219 626 333 674 omnes
349 607 491 690 .partes.)
948 613 1056 675 credet
1087 612 1170 693 quad
1195 615 1388 696 assuentes,
1412 610 1555 674 tollentes
1585 621 1614 674 et
1649 613 1737 676 inuu-

137 715 168 775 1.
184 713 233 778 Ex
248 709 453 773 damnatione
469 725 526 789 per
542 710 634 772 ioan.
653 709 747 772 xxtt
767 709 801 772 in
828 725 887 772 ex·
946 707 1054 772 dentes
1075 708 1156 771 bonu
1180 711 1251 789 ipsc
1266 710 1476 772 melesiueticn
1496 710 1563 770 sint
1589 719 1737 790 tunquam

92 821 174 877 tras.
199 813 279 876 Cum
303 813 390 875 inter
407 813 580 874 nonnullus
604 810 642 883 t,
659 816 690 873 et
708 811 791 887 Quia
814 828 893 890 quo·
948 805 1097 886 sacrileqi
1129 807 1304 888 puniendi,
1336 809 1459 871 etiamsi
1489 808 1568 869 muts
1596 809 1737 870 uiuerent

91 911 242 976 cumdum
256 915 286 987 ὅ,
303 911 352 974 tit.
365 929 420 976 xrv
436 909 669 991 propositionis
684 918 720 974 ut
733 910 891 974 hereticae
946 921 1088 986 persons
1109 910 1325 973 ecclesiastices
1339 909 1420 972 bonu
1438 909 1620 992 hujusmodi
1630 913 1735 990 possi·

92 1019 135 1076 de
160 1018 345 1092 pauperinis
363 1008 482 1075 Christi
497 1017 528 1072 et
543 1009 775 1090 apostolorum,
796 1009 894 1091 hujus
947 1009 1067 1072 denter.
1087 1011 1168 1074 item
1186 1030 1194 1070 ε
1213 1011 1322 1075 Utrum
1333 1009 1439 1073 undet
1457 1012 1541 1090 quod
1556 1013 1737 1093 buJ'usmodi

93 1112 222 1174 tenoris
248 1134 256 1174 ε
284 1109 463 1174 «Christus
479 1115 510 1173 et
524 1107 683 1188 apostoli,
703 1107 737 1173 in
758 1107 800 1172 iis
824 1125 895 1190 quae
947 1109 1065 1174 ablutio
1081 1117 1110 1172 et
1126 1111 1247 1196 invasio
1263 1111 1437 1191 cuicunque
1461 1111 1737 1187 sacerdotiumne

94 1209 255 1276 habuisse
278 1210 448 1290 leguntur,
471 1216 594 1274 tantum
614 1208 797 1272 babuerunt
820 1209 893 1272 abs·
947 1209 1028 1272 mule
1054 1212 1188 1284 uiuenti,
1214 1219 1343 1285 tenure,
1377 1212 1426 1273 uel
1450 1213 1603 1275 uiolenter
1632 1216 1736 1296 suctu,

93 1329 164 1390 que
188 1311 264 1392 jura
287 1311 400 1392 aliquo
427 1308 606 1388 simplicem
638 1325 733 1372 usum
759 1306 845 1372 iacti.
878 1331 893 1366 u
947 1311 997 1372 cet
1016 1307 1107 1372 illoto
1130 1309 1259 1372 inducet
1284 1307 1498 1388 sacrileqium.
1514 1312 1657 1391 Ideoque
1677 1313 1737 1392 qui

95 1413 136 1476 Et
164 1413 262 1474 ctiam
289 1427 329 1474 ex
357 1409 564 1473 damnatione
593 1425 650 1488 per
678 1409 841 1472 Urbanum
867 1409 893 1470 V
948 1409 1105 1473 affirmant
1124 1409 1212 1490 quod
1237 1408 1438 1482 auferentes,
1456 1409 1604 1474 tollentes
1629 1420 1660 1475 et
1682 1413 1737 1474 in·

93 1511 365 1592 propositionum
377 1510 525 1590 Dionysii
541 1507 686 1572 Solecbat
710 1506 896 1572 eFraticel·
951 1512 1101 1577 radentes
1128 1511 1210 1574 bona
1237 1512 1305 1591 ipsa
1336 1512 1552 1575 aecclesiastica
1579 1529 1644 1576 uon
1672 1512 1737 1576 sint

102 1613 213 1674 lurum
226 1619 331 1685 secta3
347 1611 423 1672 item
438 1626 478 1672 ex
494 1607 700 1670 damnatione
718 1624 777 1686 per
798 1624 896 1686 syno·
949 1616 1099 1689 tanquam
1125 1610 1273 1690 sacrilegi
1298 1611 1474 1691 puniendi,
1491 1619 1547 1674 aut
1571 1612 1628 1692 qui
1649 1612 1737 1675 ritu-

94 1711 175 1774 dum
192 1708 473 1774 constantiensem
489 1713 519 1768 et
535 1705 894 1768 tturttnumvlosnnts
949 1717 1060 1788 perant
1086 1725 1248 1774 summum
1275 1709 1458 1790 pontificem
1487 1725 1526 1772 eo
1548 1710 1636 1792 qnod
1663 1709 1737 1772 tutia

94 1811 255 1876 Wiclellli
273 1812 533 1894 propositionum
553 1811 607 1884 tu,
624 1810 679 1881 32,
695 1810 750 1883 33,
770 1810 827 1886 36,
841 1809 893 1894 39„
949 1817 1082 1890 agentes
1107 1810 1387 1882 excommunicet,
1415 1827 1524 1891 neque
1549 1810 1598 1874 eis
1634 1810 1737 1886 cedat,

96 1911 246 1991 ideoque
275 1913 333 1994 qui
357 1918 475 1992 negant
499 1910 554 1990 jus
578 1909 727 1972 divinum
744 1908 895 1973 Ecclesiae
948 1909 1089 1988 suspecti
1112 1916 1189 1971 sunt
1208 1909 1248 1972 de
1270 1909 1383 1972 heresi
1407 1909 1573 1986 Wiclelili,
1592 1918 1623 1972 et
1647 1909 1676 1971 si
1703 1910 1737 1973 ln

96 2007 244 2074 habendi
259 2019 291 2074 et
317 2011 505 2090 possidendi
526 2009 610 2072 bona
630 2017 660 2070 et
678 2008 752 2088 jura
768 2015 894 2086 tempo·
947 2005 1063 2070 iisdem
1088 2007 1324 2071 assertionibus
1350 2007 1557 2086 pertinaciter
1586 2024 1739 2087 persevc-

97 2110 193 2184 ralia,
211 2119 289 2174 sunt
303 2109 457 2184 heretici,
474 2118 505 2174 et
520 2109 641 2172 anullo
654 2108 720 2170 nisi
736 2122 895 2173 asummo
949 2114 1042 2182 rent,
1062 2113 1228 2188 nequeant
1241 2106 1361 2171 anullo
1374 2105 1439 2171 alio
1450 2125 1546 2187 quam
1562 2125 1579 2170 a
1594 2109 1737 2171 Romano

93 2211 273 2289 pontiliee,
300 2217 512 2290 preterquam
537 2208 571 2270 in
597 2207 735 2272 articulo
761 2208 895 2282 mortis,
949 2207 1115 2288 pontifice,
1144 2212 1356 2288 preterquam
1383 2207 1416 2270 in
1440 2207 1576 2272 articulo
1605 2209 1737 2284 mortis,

94 2310 227 2376 absolvi
244 2319 401 2390 possunt;
428 2310 680 2388 sacerdotesque
702 2323 897 2388 praesumen-
948 2306 1091 2384 absolui,-
1115 2307 1361 2386 sacerdotesque
1390 2308 1440 2372 rel
1466 2309 1561 2372 ctiam
1593 2310 1737 2390 episcopi

96 2415 150 2470 tes
167 2423 225 2471 eos
242 2408 432 2484 absolvere,
457 2407 610 2488 majorem
634 2405 897 2470 excommunica·
949 2405 1028 2471 tales
1052 2406 1219 2470 absolvere
1244 2415 1492 2485 praesumentes,
1518 2408 1673 2489 majorem
1706 2418 1738 2473 et

100 2507 229 2572 tionem
263 2507 433 2571 incurrunt
464 2523 504 2570 ex
530 2505 620 2570 bulla
651 2504 827 2568 Pastorutis
861 2504 895 2568 in
950 2512 1144 2569 reservatam
1159 2506 1528 2572 excommunicationem
1550 2507 1736 2588 incurrunt,

97 2608 224 2672 Cusas.
949 2622 990 2669 ex
1014 2605 1102 2668 bulla
1119 2605 1228 2671 Contu.

141 2706 175 2767 2.
200 2707 248 2768 Ex
263 2719 331 2784 cap.
344 2719 442 2783 supra
454 2701 509 2766 cit.
523 2701 601 2766 Cum
614 2701 698 2764 inter
714 2700 895 2776 nonnullos,
988 2706 1019 2770 t.
1041 2709 1089 2769 Ex
1106 2707 1258 2771 omnibus
1273 2705 1390 2788 positis
1413 2705 1589 2788 premissis
1605 2707 1740 2774 deduci·

99 2813 269 2884 extravag.
284 2805 377 2866 toan.
393 2803 503 2878 xxtt,
518 2802 558 2864 de
570 2801 631 2864 lide
643 2807 692 2864 est
706 2819 721 2856 α
735 2799 896 2862 Christum
949 2811 1004 2868 tur
1022 2805 1086 2870 alia
1101 2806 1245 2888 rigorose
1258 2813 1290 2870 et
1305 2806 1395 2870 ratde
1407 2808 1546 2870 notanda
1558 2808 1737 2886 conclusio,

101 2903 245 2984 ejusque
267 2901 452 2984 apostolos,
478 2901 511 2964 id
539 2912 588 2964 est
611 2899 811 2975 Ecclesiam,
838 2899 896 2962 ba·
950 2903 1076 2968 scilieet
1098 2905 1184 2985 quod
1211 2905 1266 2985 Jus
1290 2905 1497 2986 proprietatis
1519 2905 1672 2971 Ecclesire
1695 2909 1739 2972 sit

62 3015 67 3026 ·
104 3004 219 3066 baisse
242 3019 317 3066 cum
339 3003 437 3082 pleno
459 3001 533 3082 jure
560 3000 692 3081 aliqua,
722 2999 836 3064 saltem
863 2999 896 3062 in
945 3003 1002 3085 jus
1026 3021 1231 3084 supremum,
1256 3021 1329 3069 cnm
1357 3005 1401 3068 sit
1424 3005 1464 3069 ab
1486 3007 1575 3068 omni
1599 3008 1740 3074 bumana

104 3107 284 3172 communi.
308 3129 324 3166 s
353 3109 436 3186 Ergo
460 3105 500 3170 de
516 3104 577 3168 lide
592 3113 715 3167 certum
737 3109 786 3166 est
808 3100 896 3183 quod
950 3111 1122 3184 potestate,
1139 3105 1179 3167 ab
1195 3103 1347 3168 omnibns
1359 3103 1562 3168 secularium
1586 3104 1740 3172 civilibus

105 3208 269 3282 Ecclesia,
290 3201 896 3286 proutestsocietasdivino-bumana,
950 3201 1079 3283 tegibus
1108 3203 1345 3282 independens.
1377 3203 1447 3266 Etsi
1475 3202 1575 3284 igitur
1606 3205 1741 3270 minima

105 3307 192 3371 bona
222 3323 280 3369 sua
301 3304 498 3384 ,temporalia
526 3303 567 3366 de
591 3303 666 3382 jure
689 3300 802 3364 divino
825 3315 900 3377 pos·
949 3303 1050 3368 fuerit
1080 3303 1228 3368 Ecclesiae
1255 3304 1450 3384 proprietas,
1484 3305 1610 3369 etiamsi
1638 3324 1741 3372 unum

105 3409 223 3470 sideat.
242 3441 281 3452 -
296 3406 440 3484 ideoque
467 3405 679 3467 assertionem
706 3399 898 3464 contrariam
951 3411 1073 3467 tantum
1086 3403 1228 3483 agellum
1240 3403 1275 3466 in
1289 3403 1443 3468 universo
1455 3403 1534 3469 orba
1547 3403 1739 3484 possideret,

106 3508 306 3588 pertinacem
330 3512 477 3570 tenentes
492 3511 524 3566 et
539 3503 731 3565 affirmantes
748 3508 824 3562 sunt
839 3497 901 3561 hu-
951 3502 1039 3567 hunc
1055 3505 1086 3568 ri
1101 3501 1186 3584 iuris
1208 3503 1262 3564 sui
1284 3503 1447 3583 supremi,
1465 3503 1621 3569 naturalis
1642 3513 1674 3570 ot
1691 3505 1741 3569 di·

107 3609 222 3684 retici,
243 3614 274 3670 et
289 3611 456 3688 nequeunt
472 3620 491 3667 a
509 3603 600 3666 nullo
615 3601 680 3665 alio
695 3615 791 3681 quatu
805 3615 824 3660 a
837 3599 901 3660 lto·
950 3599 1018 3664 vini
1035 3599 1201 3680 proprium
1218 3598 1360 3668 haberet.

107 3725 205 3772 mano
237 3706 383 3787 pontifice
411 3702 557 3778 absolvi,
591 3700 656 3764 nisi
686 3699 720 3762 in
753 3696 899 3779 periculo
991 3699 1104 3780 ltaque
1126 3713 1330 3780 quecunque
1356 3699 1561 3780 proprietatis
1587 3701 1740 3767 Ecclesia

107 3807 242 3883 mortis;
262 3812 497 3886 consequenter
517 3802 700 3866 sacerdotes
723 3807 779 3863 aut
803 3797 900 3861 etiam
954 3797 1086 3864 violatio
1112 3805 1285 3862 attentatur
1316 3795 1384 3880 juri
1420 3799 1641 3881 supremum,
1669 3803 1739 3883 juri

107 3907 256 3986 episcopi
279 3911 511 3985 presumentes
529 3902 661 3966 eosdem
676 3900 799 3978 absque
820 3913 901 3978 pon·
952 3906 1090 3974 aeterno,
1109 3895 1179 3978 jnri
1200 3897 1330 3978 proprio
1348 3898 1409 3964 liei
1434 3899 1557 3980 ipsius,
1576 3901 1633 3982 qui
1652 3901 1740 3966 indi-

107 4008 207 4070 titicia
229 4002 380 4068 facultate
404 4001 594 4074 absolvere,
614 3997 768 4078 majorem
790 4001 822 4058 et
846 4011 898 4058 re·
953 3996 1048 4060 risim
1072 4011 1146 4060 cum
1165 3995 1310 4060 Ecclesia
1336 3997 1500 4076 possidete
1524 3998 1642 4079 triplex
1666 4001 1739 4066 sic-

101 4112 269 4170 aervatam
304 4099 672 4166 excommunicationem
709 4096 899 4170 incurrunt,
952 4096 1032 4161 latio
1051 4114 1124 4178 qun
1147 4112 1213 4161 non
1236 4102 1360 4160 tantum
1384 4095 1507 4160 furtum
1529 4105 1561 4161 et
1585 4097 1739 4180 injuriam

109 4221 152 4267 ex
167 4203 257 4266 butte
273 4197 452 4262 Pcrcuratis
471 4199 506 4261 in
520 4199 641 4261 Conna.
953 4212 1028 4261 cum
1041 4195 1255 4260 restitutionis
1273 4195 1489 4276 obligatione,
1505 4198 1562 4261 sed
1578 4199 1673 4263 etiam
1689 4217 1741 4264 sa·

150 4308 182 4368 3.
200 4308 247 4369 Ite
267 4305 328 4367 tide
346 4310 395 4366 est
417 4299 592 4365 Ecclesiam
606 4293 690 4379 bure
713 4295 823 4360 divino
845 4296 902 4359 ha·
953 4295 1080 4376 critegii
1095 4295 1218 4361 crimen
1231 4294 1419 4366 constituit,
1435 4303 1467 4360 et
1480 4297 1740 4364 excommunica·

110 4407 190 4472 bera
206 4407 339 4487 plenum
355 4410 386 4466 at
411 4401 605 4482 perlectum,
626 4400 693 4460 imo
710 4411 901 4475 supremum
953 4395 1052 4460 tionis
1070 4402 1244 4460 reservate
1265 4410 1387 4474 prunam
1411 4394 1484 4474 ipsc
1506 4393 1591 4460 iacto
1614 4404 1645 4461 et
1664 4399 1740 4480 jure

111 4516 144 4572 et
160 4514 346 4584 exemptum
358 4521 377 4568 a
391 4500 538 4566 seculari
551 4485 705 4578 potestate
718 4495 901 4560 dominium
954 4495 1104 4559 incurrit.
1761 4549 1769 4607 1

111 4605 258 4670 inbonis
284 4611 316 4668 et
341 4601 472 4684 juribus
503 4597 735 4678 temporalibus
762 4595 801 4658 ab
831 4593 901 4675 ipsa
993 4592 1123 4660 Prolata
1150 4591 1309 4673 principia
1331 4597 1447 4655 sanctae
1465 4592 1553 4656 sedis
1578 4599 1740 4674 tempora·

111 4704 287 4787 possessis.
304 4737 344 4752 -
359 4705 390 4766 1·
413 4703 461 4766 Ex
475 4703 690 4779 extravagant.
713 4697 791 4759 tium
817 4696 902 4758 inter
953 4695 1002 4759 les
1021 4701 1122 4758 status
1136 4694 1250 4756 eodem
1265 4691 1408 4756 modoac
1426 4691 1575 4756 minimas
1589 4694 1742 4761 Ecclesiae

110 4806 285 4869 nonnullos
300 4805 331 4881 b,
347 4811 378 4867 et
393 4801 478 4880 Quia
496 4795 755 4880 quorumdum-li,
781 4795 830 4858 tit.
844 4810 902 4857 xxv
954 4795 1167 4877 proprietates
1182 4793 1216 4856 in
1228 4807 1422 4873 quacunque
1437 4792 1550 4856 mundi
1564 4802 1651 4873 parte
1662 4795 1742 4860 sitas

111 4909 208 4970 teari.
224 4905 316 4967 XXll
325 4921 335 4980 ;
349 4905 382 4965 2·
396 4905 442 4966 Ex
453 4897 658 4964 damnatione
670 4892 903 4976 propositionis
956 4900 1083 4975 regunt.
1098 4892 1223 4957 Exinde
1239 4889 1327 4972 quod
1342 4889 1493 4956 Ecclesia
1508 4892 1685 4972 proprietas
1700 4893 1743 4956 sit

112 5007 252 5076 Earsitii
268 5003 414 5069 Patavini
428 5018 527 5082 snpra
540 5000 651 5074 citate;
667 4999 699 5061 3·
716 5015 756 5062 ex
773 4997 903 5062 damna·
952 4995 1007 5077 jus
1023 4993 1170 5080 naturale
1191 5007 1378 5072 supremum
1394 4997 1426 5053 et
1440 4991 1606 5069 divinum,
1627 5009 1744 5058 conse·

111 5113 205 5173 tione
215 5097 606 5188 proposloanwictetiii
619 5101 656 5160 lb
663 5115 719 5179 per
729 5096 903 5161 conctttunt
956 5094 1067 5178 quitur
1081 5093 1181 5158 solam
1200 5092 1372 5158 Ecclesiam
1391 5109 1485 5172 posse
1501 5109 1650 5157 exercerc
1668 5095 1744 5176 jura

111 5211 360 5276 constantiense
371 5215 403 5270 et
413 5205 589 5268 ldartinum
600 5199 746 5279 V,hujus
756 5199 902 5263 tenoris:
957 5211 1116 5275 suprema
1131 5193 1296 5273 potestatis
1312 5199 1343 5256 et
1364 5191 1553 5271 gubernatis
1574 5191 1610 5256 in
1629 5209 1743 5257 omnes

112 5333 130 5370 ι
155 5307 288 5373 Domini
308 5304 501 5386 temporales
525 5306 661 5379 possunt
678 5300 718 5363 ad
736 5298 904 5361 arbitrium
955 5293 1135 5358 incolentes
1156 5291 1192 5355 in
1215 5292 1354 5356 dirersis
1376 5291 1549 5355 territoriis
1575 5292 1615 5355 ad
1639 5293 1743 5372 ipsam

112 5425 213 5472 suurn
229 5406 356 5471 auterre
370 5405 453 5467 bona
469 5399 657 5481 temporatia
674 5399 714 5462 ab
740 5397 903 5472 Ecclesia,
957 5389 1207 5474 pertinentibus.

115 5499 601 5590 possessionatis'habitualiter
624 5494 904 5575 delinquentibus,
968 5475 982 5549 'a
997 5492 1060 5553 Res
1085 5505 1158 5552 aum
1191 5488 1235 5550 itt
1259 5484 1344 5557 tint·
1369 5482 1469 5566 idque
1502 5499 1597 5548 nemo
1619 5501 1744 5566 -neqare

112 5609 149 5671 id
166 5614 269 5672 estex
284 5603 409 5676 babitu,
425 5615 490 5663 non
504 5597 610 5662 solunt
625 5602 698 5659 actu
711 5592 907 5671 delinquen·
958 5591 1082 5673 possit,
1101 5587 1167 5653 nisi
1198 5586 1303 5668 ipsam
1318 5583 1472 5650 Ecclesia
1488 5585 1662 5650 essentiam
1685 5587 1745 5650 de-

112 5714 216 5772 trnas.
236 5727 252 5766 n
269 5737 308 5756 -·
322 5705 404 5768 item
418 5717 459 5764 ex
472 5695 613 5763 formula
636 5694 710 5758 lidei
727 5709 784 5774 per
797 5689 907 5755 ltarti·
959 5690 1128 5765 struendo,
1145 5685 1405 5754 concludendum
1421 5692 1469 5749 est
1486 5685 1608 5750 nullam
1629 5703 1745 5770 supre-

114 5822 198 5872 num
218 5806 257 5879 v,
273 5820 327 5868 an.
345 5802 425 5866 ttttl
452 5797 603 5880 imposita
620 5793 775 5861 omnibus
789 5807 905 5872 saepe·
961 5791 1090 5858 matiana
1108 5788 1368 5872 temporalemet
1388 5784 1517 5854 civitam
1534 5787 1653 5853 metius
1670 5803 1744 5854 essa

217 5906 277 5972 lus
288 5919 486 5973 macescunt.
505 5901 545 5965 tl.
1569 5886 1603 5958 ll
