4004 6458
89 454 132 522 ut
254 451 256 454 ·
357 449 456 510 anns
474 449 512 510 tv
545 447 1399 526 annaeus-um.x1.autumamunamu.
1649 471 1709 535 aa·

95 584 177 649 super
199 561 496 636 hirlicentiam,cal
515 563 718 642 privilcpiam
740 561 871 625 habeant
921 563 1058 631 chialem
1092 573 1261 636 ecclesiam
1288 577 1322 639 in
1356 579 1572 660 collegiatam,
1599 593 1633 648 ut
1662 606 1718 667 per

92 662 354 748 sedisapostolicae
366 665 512 742 speciale.
526 665 563 727 Et
575 665 620 726 Dc
631 682 696 725 non
708 665 869 743 reemptio,
921 666 997 728 tert.
1012 666 1123 747 incup.
1141 670 1308 747 Quoniam,
1320 677 1430 739 licuit.
1442 685 1470 740 ct
1481 679 1715 752 honeractur'c.

93 789 117 834 e.
132 767 222 832 Nemo
237 767 355 829 citato:
370 764 463 826 Nemo
480 763 636 826 eccleciam
651 765 870 845 adificatante-
921 767 1032 826 tenent
1059 765 1208 844 plures...
1238 773 1303 851 Ego
1322 780 1442 851 tamen,
1465 779 1588 858 subdit,
1608 785 1718 850 nerins

86 888 167 952 quam
182 867 347 948 episcopus
374 865 514 927 ciuitatis
540 865 643 926 veniat
665 864 712 947 (ac
732 865 869 944 proinde
921 863 1018 925 credo
1046 865 1234 949 episcopum
1253 891 1309 938 sua
1328 879 1490 942 ordinaria
1508 885 1717 962 auctoritate,

85 969 264 1048 consentiat)
291 977 320 1030 ct
345 965 604 1030 ihidcmcruocm
630 964 870 1046 hierapolitae
921 964 970 1028 rel
998 966 1097 1034 alium
1126 977 1275 1056 quemuis
1312 978 1501 1046 inferiorem
1537 1003 1617 1069 papa
1653 1005 1719 1052 non

84 1073 190 1134 ,prum
208 1069 359 1149 desipuit,
568 1063 571 1068 '
922 1079 1017 1144 posse
1030 1071 1153 1150 erigere
1171 1073 1382 1156 collegiatam,
1400 1089 1434 1144 ut
1451 1085 1566 1149 merito
1582 1087 1718 1150 conclu-

119 1173 217 1235 ll.Dc
246 1169 450 1233 basilicarum
486 1177 515 1233 ct
550 1169 775 1232 cathedralium
805 1189 870 1232 crc-
922 1165 1004 1229 dunt
1034 1169 1204 1247 plurimi...
1228 1176 1313 1239 Huic
1334 1183 1634 1260 utiquesententla
1663 1187 1720 1250 ad-

83 1273 186 1336 ctiom.
203 1303 241 1315 -
255 1269 303 1332 hd
323 1269 428 1332 solum
443 1285 571 1350 papam,
587 1269 663 1351 jure
678 1277 745 1332 tum
758 1269 869 1332 divino
923 1265 1112 1332 herandum
1132 1281 1192 1346 est,
1203 1281 1237 1336 ut
1250 1281 1437 1354 expressius
1453 1298 1489 1344 uc
1504 1282 1629 1346 firmius
1645 1283 1721 1347 Fer·

85 1383 144 1436 tum
163 1369 395 1446 ecclesiastico,
412 1369 684 1449 pertinetaligere
700 1370 868 1433 etconsli-
922 1384 984 1429 rur.
1011 1369 1099 1434 verb.
1130 1371 1306 1455 Collcpiata
1333 1378 1484 1458 declarat,
1508 1382 1559 1445 his
1585 1383 1720 1448 verbisc

85 1485 167 1536 tucca
190 1471 359 1534 ecelesiam
379 1473 412 1534 in
429 1471 607 1545 basilicam,
628 1473 697 1534 sire
716 1471 868 1553 majorem
923 1493 937 1528 a
955 1469 1130 1552 Collegium
1146 1492 1211 1539 non
1229 1487 1332 1557 potest
1347 1481 1428 1560 erigi
1446 1482 1508 1546 uisi
1525 1501 1581 1563 per
1595 1473 1721 1564 papam,

84 1576 145 1638 eive
159 1573 365 1648 minorem,et
380 1573 475 1638 etiam
491 1574 524 1633 in
542 1571 869 1653 patriarchaleurpri-
921 1572 997 1650 quia
1009 1573 1288 1656 collegienonuisi
1319 1587 1475 1658 potestate
1496 1582 1651 1662 principis
1666 1603 1722 1647 su·

85 1674 234 1738 matlalem
267 1681 299 1737 et
329 1673 546 1754 episcopalem
566 1691 624 1738 seu
643 1673 868 1738 cathedralem.
924 1676 1024 1756 premi
1042 1677 1193 1757 erigenda
1215 1689 1303 1744 sunt.
1323 1681 1405 1762 (Lib.
1431 1683 1721 1762 rtr,51nSumma,

82 1777 134 1856 (Ex
151 1775 292 1837 rrnauimi
308 1774 668 1849 doctorumsententiu;
686 1781 867 1854 argument.
925 1773 969 1834 m
988 1774 1100 1858 collcp.
1132 1775 1224 1856 illio.)
1249 1781 1287 1842 Et
1318 1781 1365 1845 sle
1392 1783 1504 1861 probat
1530 1785 1722 1848 inconcusse

83 1894 118 1939 ex
143 1875 250 1938 multis
277 1872 424 1938 textibus
445 1872 549 1952 juris,
578 1879 610 1936 et
640 1875 814 1953 prasertim
841 1892 869 1937 c.
923 1873 1149 1951 observantia,
1195 1881 1283 1960 quod
1322 1859 1447 1946 scilicet
1483 1883 1722 1966 collegiatarum

82 1975 293 2056 Pracipimuo,
317 1992 412 2038 causa
440 1973 491 2046 16,
515 1981 630 2052 quaest.
652 1980 686 2051 13
714 1995 742 2039 c.
775 1976 872 2042 Nooit
923 1976 1107 2040 erectiones
1134 1978 1210 2041 fiant
1235 1997 1397 2062 sempera
1418 1999 1510 2062 papa,
1534 1991 1570 2046 ut
1587 1991 1724 2050 testatur

83 2077 149 2152 ille,
163 2077 207 2140 Na
222 2077 430 2160 scdaoocante
441 2099 452 2147 ‚·
473 2093 499 2140 c.
518 2075 871 2154 Quodtranslationcm,
923 2075 1008 2136 card.
1025 2075 1065 2138 de
1092 2076 1189 2152 Luca,
1209 2080 1250 2140 Dc
1264 2079 1363 2162 henos.
1376 2081 1514 2145 discurs.
1535 2083 1583 2159 tt,
1600 2091 1632 2146 et
1647 2085 1722 2148 alili

83 2181 213 2264 maffia,
238 2173 347 2260 lopati,
378 2178 616 2258 Manifestaque
643 2179 722 2242 talio
746 2179 871 2253 suadet,
924 2178 955 2235 el
976 2175 1723 2262 suipiusilttdecidilRolu...tthueilttplttries

84 2282 155 2362 qui,
169 2282 206 2344 gd
236 2281 343 2344 gotum
359 2297 486 2362 papam,
504 2287 538 2342 ut
553 2279 585 2342 tn
602 2281 744 2344 5001000
758 2283 874 2362 propa.
925 2274 1093 2354 respondit
1104 2293 1186 2340 sacr.
1205 2293 1316 2359 congr.
1332 2283 1437 2361 Epise.
1453 2283 1491 2344 Et
1512 2300 1592 2346 sacr.
1610 2301 1721 2364 congr.

82 2390 145 2444 tam
173 2389 234 2458 est,
259 2383 504 2462 episcopatuum
536 2381 656 2444 erectio
673 2381 812 2461 pertinet
842 2387 873 2446 et
924 2371 1091 2468 (Mucii-5..
1107 2376 1246 2457 insuper
1271 2379 1311 2440 de
1334 2380 1474 2459 quodam
1488 2389 1574 2445 metu
1592 2383 1724 2464 proprio

82 2484 173 2546 etiam
200 2482 446 2563 episcopatuum
474 2489 506 2544 et
537 2481 762 2562 episcoporum
789 2481 873 2545 inter
924 2471 1027 2535 Clam.
1055 2475 1130 2538 Vlll
1147 2475 1403 2556 prohibentisde
1426 2484 1541 2544 cataro
1563 2482 1724 2562 episeopis

82 2597 113 2642 se
135 2579 375 2652 superatarum
400 2595 476 2657 ergo
499 2585 531 2642 et
546 2579 724 2658 respective
743 2597 871 2643 eorum·
926 2576 1050 2654 erigere
1082 2577 1282 2656 parochiales
1307 2580 1339 2641 in
1374 2579 1559 2661 collegiatae
1591 2589 1725 2646 testetur

83 2681 149 2742 clem
166 2681 388 2744 ecclesiarum.
410 2683 522 2745 Causae
544 2698 618 2744 vero
637 2682 799 2762 erigendae
820 2701 874 2745 ee·
924 2675 1102 2738 Rebilum
1126 2678 1227 2756 praxi.
1246 2677 1294 2740 ttt.
1319 2678 1467 2742 Dacrcct.
1496 2681 1529 2740 in
1543 2678 1654 2760 collcp.
1670 2679 1726 2740 Est

82 2780 184 2843 clasiae
211 2780 408 2844 cathedralis
431 2780 549 2842 dantur
564 2782 599 2844 in
622 2799 690 2861 cnp.
709 2781 873 2862 Episcopi,
926 2793 1003 2856 ergo
1028 2776 1127 2841 hodie
1145 2795 1196 2840 res
1213 2788 1310 2852 uerte,
1341 2779 1399 2842 elsi
1422 2780 1462 2842 rte
1483 2797 1520 2842 ea
1538 2781 1664 2844 nullum
1681 2781 1726 2844 sit

84 2887 112 2941 ct
136 2896 206 2959 cap.
232 2877 324 2940 illuct
345 2897 429 2951 runa,
445 2877 521 2940 dist.
546 2877 597 2940 80.
623 2879 713 2942 Unde
741 2879 772 2940 in
790 2879 875 2959 stylo
921 2879 977 2956 jus
1000 2879 1137 2956 positive
1156 2896 1367 2960 expressum,
1394 2889 1425 2944 et
1440 2881 1727 2963 aliquandoluerit

84 2976 296 3040 ecclesiastico
311 2977 441 3060 quando
457 2977 640 3057 papaerigit
656 2978 873 3041 cathedralem
925 2978 1075 3056 ambigua
1102 2981 1188 3057 apud
1219 2983 1403 3046 canonistas
1428 2981 1603 3058 sententia,
1627 2981 1728 3045 lacul-

83 3081 112 3142 ln
127 3079 239 3161 aliquo
269 3079 349 3156 loco,
369 3079 457 3142 hunc
474 3079 570 3143 etiam
589 3078 695 3142 locum
727 3081 820 3158 erigit
840 3081 875 3143 in
927 3083 1021 3141 tatem
1038 3079 1185 3158 erigendi
1203 3082 1371 3146 ecclesiam
1388 3083 1421 3144 in
1437 3081 1640 3162 collegiatam
1665 3080 1728 3162 prl-

82 3179 262 3256 civitatem,
293 3188 324 3244 et
350 3197 390 3244 ex
417 3181 580 3244 communi
612 3180 875 3260 interpretatione
927 3177 1033 3240 vetite
1063 3187 1247 3259 competere
1275 3183 1369 3245 Rom.
1403 3181 1558 3270 pontiflci,
1582 3181 1663 3246 idio
1693 3185 1728 3246 ul

83 3289 245 3361 receptum
264 3291 315 3344 est
338 3281 443 3344 atille
473 3282 540 3345 sole
566 3281 747 3362 appelletur
762 3282 874 3344 ciuitas
929 3277 996 3340 hmo
1010 3278 1129 3341 erectio
1151 3279 1268 3342 abella
1300 3297 1511 3362 utrocunque.
1541 3279 1640 3343 etiam
1660 3279 1728 3359 epi·

83 3381 494 3462 quahabetepiscapum3
524 3381 873 3472 huiciuterpretetioni
926 3393 1038 3455 scopo,
1065 3385 1163 3458 atque
1200 3379 1494 3443 subreservatione
1531 3378 1726 3459 beneplaciti

84 3463 386 3560 ratae‘suttregutur
399 3485 485 3564 quod
504 3499 584 3564 papa
608 3483 704 3546 unico
723 3492 874 3547 contextu
927 3477 1093 3556 apostolici
1124 3477 1218 3552 stela.
1238 3479 1325 3542 nullo
1351 3478 1403 3542 sil·
1423 3481 1454 3543 S.
1470 3496 1584 3561 congr.
1601 3479 1724 3560 Epiro-2

89 3582 182 3659 erigit
207 3582 355 3645 civitates
372 3595 403 3644 et
428 3584 480 3646 dat
507 3584 696 3663 episcopum
715 3603 771 3664 per
798 3587 874 3660 nee,
928 3579 1541 3654 tantun1612327N0vembr.1651;
1573 3580 1726 3661 1⁰hprit·

86 3681 128 3743 rel
144 3681 271 3744 similla
288 3682 383 3744 verbe
397 3703 407 3742 t
423 3681 581 3761 Oppidum
603 3683 688 3746 Ν.ιή
707 3685 872 3758 ciuitatem,
929 3681 1025 3753 ¹6553
1043 3682 1127 3758 apud
1149 3681 1274 3744 Fertur.
1294 3681 1353 3743 loc.
1375 3681 1429 3746 att.
1451 3682 1541 3744 unae
1559 3681 1599 3744 de
1617 3681 1675 3743 bac
1693 3697 1727 3744 ra

92 3780 249 3845 ecclesium
265 3799 337 3842 acro
361 3783 392 3843 la
417 3783 621 3845 cathedrulcm
639 3802 700 3863 pro
720 3802 781 3845 uno
811 3786 876 3864 epi·
927 3778 1065 3857 emptius
1092 3793 1246 3842 essenon
1268 3777 1613 3858 potasteontrorersla
1643 3782 1725 3858 apud

84 3895 188 3959 acopo,
206 3887 281 3952 eta,
296 3879 444 3958 eripimus
463 3889 488 3940 ct
507 3882 714 3954 instituimus,
741 3889 774 3944 ut
790 3891 874 3960 patet
928 3883 1090 3946 doctores.

85 3975 115 4040 in
142 3980 274 4058 oppidis
309 3982 478 4045 Laureion.
512 3983 631 4044 Montis
657 3982 741 4053 Atti,
770 3983 874 4045 Sancti
970 3983 1092 4046 «Licet
1111 3992 1219 4046 autem
1246 3982 1423 4062 collegiatae
1439 3983 1560 4047 erectio
1588 3995 1727 4066 nequeat

83 4077 241 4152 Severini,
256 4081 507 4157 etiotentini,a
532 4083 623 4146 Sixto
637 4083 665 4144 V
681 4085 713 4144 in
731 4084 875 4144 civitates
926 4075 997 4146 fieri
1012 4083 1053 4146 de
1070 4099 1153 4147 novo
1169 4085 1209 4146 ab
1225 4085 1392 4163 episcopo,
1408 4101 1450 4147 ex
1478 4085 1649 4166 hucusque
1674 4087 1729 4148 acl·
1749 4155 1753 4160 ,

83 4179 212 4242 erectis.
231 4179 458 4258 (titillantem.
478 4183 517 4256 ll,
536 4199 606 4261 pag.
633 4183 703 4257 518,
719 4183 790 4257 558,
816 4184 876 4247 559
927 4183 1047 4260 ductis,
1072 4185 1180 4265 positu
1212 4188 1318 4247 tamen
1358 4183 1521 4247 erectione
1540 4183 1729 4266 'collegiata

83 4284 113 4338 at
126 4277 212 4355 sat.)
232 4279 319 4342 Facit
336 4287 498 4358 extravag.
518 4280 677 4353 Salvator,
693 4285 707 4357 5
724 4281 874 4356 l'olrutcs,
929 4285 990 4346 rite
1018 4283 1103 4346 sacta
1134 4283 1325 4346 auctoritate
1341 4284 1460 4346 summi
1490 4283 1662 4364 pontificis,
1700 4285 1729 4344 el

84 4377 125 4439 Dc
147 4379 247 4458 prah.
272 4381 356 4442 inter
385 4396 585 4452 communes,
622 4382 664 4442 ihi
694 4401 702 4440 ε
733 4381 877 4458 Quatuor
932 4381 1729 4462 contingatcollegiurudelicataoblmortemmgr.

83 4476 177 4552 oilla,
193 4496 326 4558 quarum
341 4479 546 4560 quemlihet...
568 4483 603 4544 in
629 4483 784 4545 ciuitatem
815 4483 877 4543 ari·
932 4485 1181 4557 canonicorum,
1212 4485 1260 4548 rel
1290 4483 1385 4547 aliam
1416 4484 1621 4548 consimilem
1650 4501 1728 4548 cau-

83 4579 205 4658 pimuc,
241 4588 269 4642 ct
300 4582 439 4643 ciuitatis
471 4583 622 4646 uocahtcla
651 4585 875 4664 insignimus...
933 4602 1015 4659 eam,
1033 4601 1146 4663 exque
1167 4584 1242 4648 licet
1256 4585 1380 4664 desinat
1405 4602 1478 4648 esse
1495 4583 1660 4664 collegiata
1679 4603 1729 4645 ac·

83 4681 193 4742 otniae
206 4691 356 4744 catoroct
373 4681 547 4745 habeantur
567 4694 720 4766 perpetuo
745 4685 878 4747 ccclesia
929 4694 976 4758 tu,
990 4693 1134 4748 remanet
1160 4692 1266 4748 lamen
1296 4684 1401 4748 adhuc
1422 4685 1494 4750 talis
1523 4685 1673 4748 habitu...
1693 4685 1729 4746 ln

83 4781 289 4845 cathedrales.
313 4783 395 4846 Loca
422 4799 674 4864 quaenuuquam
691 4786 877 4863 episcopum
931 4787 985 4848 tati
1014 4803 1089 4848 casu
1110 4786 1255 4849 reductio
1280 4785 1521 4866 collegialitatls
1551 4785 1590 4848 erl
1622 4791 1725 4849 actum

85 4881 282 4960 habuerunt,
300 4887 333 4946 in
352 4890 466 4949 eodem
483 4887 732 4965 styloclicuntur
748 4885 877 4966 oppida,
931 4886 1048 4967 poterit
1065 4885 1134 4948 stari
1161 4887 1200 4948 ab
1228 4887 1399 4966 episcopo,
1425 4871 1499 4949 cum
1525 4888 1589 4948 hinc
1613 4902 1676 4949 non
1690 4887 1731 4949 sit

87 4990 185 5065 villae,
208 4998 322 5066 castra,
335 4991 476 5068 castello,
493 5009 589 5071 paga,
616 4991 762 5072 plebane.
780 4996 880 5057 Roma
931 4988 1059 5069 proprie
1072 4988 1204 5051 erectio.
1224 5013 1238 5044 o
1255 4985 1410 5074 (Faunae.
1432 4988 1519 5050 reru.
1543 4987 1730 5067 Collapiata,

86 5107 163 5154 cero
185 5110 242 5172 per
265 5092 488 5156 excellentiam
508 5092 590 5155 Urbs
616 5099 761 5169 vocatur,
782 5094 881 5158 veluti
932 5089 1019 5151 mih
1035 5095 1066 5150 el
1082 5087 1166 5169 seq.)
1457 5084 1460 5092 ’

85 5191 236 5254 ciuitates
251 5190 450 5270 episcopales
464 5191 750 5270 perexcellentium
763 5209 883 5256 vocen·
972 5191 1017 5252 De
1037 5190 1201 5270 requisitis
1221 5189 1262 5249 ud
1287 5189 1461 5270 collepiata
1485 5187 1680 5254 erectionem.
1693 5225 1732 5238 --

87 5293 312 5356 turcirltetes.
337 5293 427 5375 (Vide
454 5294 539 5373 apud
555 5296 699 5358 Flauia.
718 5293 750 5354 in
767 5314 790 5355 n
802 5305 880 5373 part.
935 5313 949 5347 ι
969 5289 1147 5370 Collegium
1165 5297 1271 5351 tamea
1290 5290 1543 5354 ecclesiasticam
1566 5291 1733 5358 canonico·

88 5389 145 5454 lib.
160 5409 181 5455 v
194 5389 348 5454 Decretat.
361 5391 405 5453 Dc
416 5392 609 5472 priuitepiic,
621 5409 649 5453 c.
667 5391 882 5474 Episcopotio,
936 5407 1020 5465 rum,
1035 5391 1104 5453 sire
1113 5387 1292 5466 collegiata,
1302 5389 1367 5451 sola
1379 5389 1523 5470 episcopi
1539 5393 1731 5455 auctoritate

87 5509 122 5557 n.
137 5493 177 5554 18
202 5499 232 5557 et
249 5493 332 5576 seq.)
936 5507 1001 5553 non
1014 5490 1161 5570 erigitur,
1178 5495 1273 5568 prout
1286 5487 1368 5564 uixi,
1382 5493 1493 5566 tomi,
1511 5492 1558 5556 tit.
1573 5495 1604 5566 8,
1617 5500 1730 5556 annot.
1821 5490 1828 5499 “

129 5593 187 5655 lll.
218 5593 262 5654 Da
295 5591 430 5656 ccclesia
461 5591 634 5672 collegiata
666 5593 825 5655 marcione.
847 5627 884 5637 -
936 5595 974 5654 etl
992 5590 1086 5654 leem.
1107 5593 1159 5666 10,
1183 5605 1273 5653 num.
1299 5591 1337 5665 ⁷3
1356 5593 1413 5656 sed
1435 5593 1611 5654 recurritur
1627 5591 1665 5655 ad
1682 5608 1732 5671 pe.

91 5693 883 5780 cNonnulli,uitBarbesa,Jur.ecclcr.unio.lili.
938 5707 1020 5770 pam,
1054 5681 1341 5770 qui‘erectionem
1376 5691 1523 5754 coneedit
1558 5694 1733 5756 dummodo

91 5797 222 5870 u,c.tl,
250 5779 887 5876 noncontemnendaauctoritatis,e'ri·
939 5801 1049 5854 rotum
1081 5791 1341 5872 congregationis
1381 5791 1515 5856 concilii
1554 5791 1606 5874 (ud
1635 5807 1732 5876 quem

90 5898 309 5962 elimaverunt
332 5895 516 5974 episcopum
536 5913 632 5975 posse
646 5897 773 5974 erigere
788 5910 887 5976 paro·
942 5894 1154 5960 canrittuntur
1170 5893 1294 5976 preces)
1305 5893 1347 5960 tlt
1359 5893 1545 5968 favorabile,
1559 5889 1735 5973 quacegt't·

254 5996 317 6060 las
339 6013 538 6061 canonicatu.
559 5998 600 6062 ll.
1547 5992 1583 6058 tt
