4046 6460
281 366 353 432 m.
783 353 895 417 tants
913 346 1092 412 canontct
1111 345 1374 408 cituruuulttu.
1689 367 1695 375 ·
1855 339 1901 402 aab

282 501 367 560 nam,
388 483 498 543 rolum
511 468 706 554 paupertatis
720 471 866 529 constare
880 466 986 543 potest
1001 473 1075 522 curn
1127 472 1192 532 non
1215 465 1322 520 eutem
1351 455 1390 518 ad
1417 469 1603 518 communes
1621 449 1810 518 monasterii
1840 472 1908 518 usus

283 580 430 648 dominio
445 579 606 641 bonorum
628 565 870 646 temporalium,
889 562 944 625 sed
962 556 1078 639 probi·
1127 557 1333 621 destinatum.
1347 555 1437 619 Unde
1458 555 1605 634 pecunia,
1628 571 1678 616 res
1690 552 1909 628 comestibiles,

281 685 336 748 bet
351 682 461 746 saltem
475 665 1077 745 liberumetindepenrlentemeoram·
1126 659 1227 722 anulii
1242 676 1371 732 sensus,
1393 675 1451 722 seu
1471 656 1580 720 livella
1597 662 1652 719 aut
1673 653 1817 717 vitalina
1840 671 1909 734 pen-

271 775 522 850 'demhonorum
535 766 878 850 usum.(il.Bourx,De
887 765 961 845 jure
975 763 1080 840 repul.
1126 759 1249 834 aiones,
1264 758 1392 838 aliaque
1408 757 1440 818 id
1453 774 1570 837 genus,
1588 771 1663 835 quas
1682 754 1911 818 destinautnret

283 892 360 944 tom.
378 880 418 951 ll,
438 895 468 954 p.
485 871 569 950 537.)
1126 857 1286 920 inservire
1314 857 1432 919 debent
1447 857 1485 918 ad
1510 857 1664 934 privatam
1684 853 1826 933 alicujus
1846 853 1911 916 reli·

323 978 501 1057 Regulares
543 970 716 1048 utriusque
764 982 863 1027 sexus
909 967 1077 1042 nequeunt
1126 956 1210 1036 giosi
1230 956 1413 1033 utilitatem,
1431 955 1710 1018 dicunturetsunt
1727 952 1828 1031 hujus
1843 952 1910 1015 reli·

283 1078 408 1160 aliquid
442 1074 605 1156 proprium
648 1070 766 1132 habere
802 1067 834 1128 in
874 1062 1070 1154 particulari.
1126 1052 1911 1138 giosipeculr'um.Conventusinquibusnullun

283 1177 483 1251 communis,
506 1192 562 1254 per
594 1185 765 1250 expressos
793 1165 1013 1245 textusJ'uris,
1042 1169 1073 1225 et
1126 1166 1229 1221 exstat
1261 1158 1423 1237 ejusmodi
1453 1158 1635 1235 preculium,
1664 1156 1819 1218 dicuntur
1842 1173 1912 1216 rnn-

282 1277 522 1349 conc.Trident,
539 1289 608 1335 sess
623 1268 684 1345 25,
695 1268 739 1328 De
754 1267 867 1346 repul,
879 1281 946 1344 cap.
960 1264 991 1337 2,
1007 1261 1075 1324 ibi:
1125 1278 1247 1322 munem
1258 1261 1354 1323 vitam
1370 1260 1507 1334 habere3
1524 1277 1596 1340 qum
1619 1257 1738 1320 locutio
1751 1259 1911 1318 eommunis

279 1381 405 1450 Nemini
418 1376 625 1457 repuleriunr,
650 1379 713 1432 turn
732 1370 884 1440 uirorum,
898 1384 990 1445 paam
1009 1383 1078 1426 rnu-
1124 1361 1196 1422 vitre
1211 1360 1378 1424 tuncnihil
1394 1360 1482 1423 aliud
1501 1363 1632 1435 indicat,
1645 1375 1742 1441 quam
1761 1358 1911 1438 ejusmodi

282 1486 396 1548 lierurn
411 1480 503 1542 liceat
522 1475 603 1537 bonu
620 1469 803 1535 immobilia.
815 1467 864 1528 uel
881 1465 1010 1528 mobilia
1024 1484 1078 1526 cu·
1126 1456 1331 1535 peculiorum
1347 1457 1582 1522 exclusionem.

248 1613 249 1618 .
279 1586 452 1662 insennqua
477 1575 639 1659 qualitatis
671 1571 808 1647 fuerint,
839 1568 933 1629 etiarn
966 1566 1077 1645 quouis
1166 1554 1911 1636 aOmnesconveniunt,aitsanctusLigorius,

279 1683 370 1746 modo
381 1701 417 1742 ae
437 1681 481 1742 eis
497 1675 664 1755 acquisita,
681 1681 829 1751 tanquam
843 1667 1000 1748 propria,
1021 1673 1078 1728 aut
1125 1659 1212 1738 quod
1225 1661 1258 1721 in
1275 1660 1314 1721 iis
1329 1660 1542 1723 conventibus
1554 1658 1719 1738 inquibus
1734 1673 1801 1719 non
1817 1657 1913 1719 obser·

282 1784 375 1846 etiarn
391 1779 514 1842 nonina
531 1779 699 1837 caueantur
711 1766 887 1848 possidere,
897 1765 945 1827 uel
959 1775 1078 1842 tenere,
1125 1766 1218 1822 retur
1239 1761 1303 1824 vitu
1322 1763 1524 1835 communis,
1550 1762 1591 1824 ob
1612 1767 1844 1842 paupertatem,
1870 1757 1911 1820 ael

279 1888 335 1952 red
349 1883 457 1947 statim
481 1897 516 1940 ea
533 1873 693 1955 superiori
708 1867 877 1932 tradantur
892 1865 1075 1927 conuentui-
1125 1861 1772 1942 inouriamsuperiorumsubmiuistrandi
1783 1860 1911 1922 subditis

279 2007 338 2071 que
360 1987 620 2061 incorporentur.
1127 1963 1317 2038 necessarie,
1345 1971 1480 2042 possunt
1502 1961 1633 2024 concedi
1661 1959 1790 2040 peculia
1802 1957 1840 2020 ad
1864 1976 1913 2020 uu·

321 2090 359 2152 ut
382 2081 588 2147 confirmatur
617 2075 745 2136 decreto
774 2068 951 2134 Clementis
979 2067 1076 2142 -l'lll,
1126 2069 1193 2123 lum
1214 2061 1428 2142 praelatorum.
1456 2063 1561 2140 nerto,
1588 2062 1665 2144 quia
1692 2061 1912 2123 Tridentinum

281 2203 341 2269 pro
352 2179 578 2248 reformatione
598 2171 811 2253 regularium,
832 2168 945 2245 incip..
961 2164 1077 2230 Nullus
1127 2169 1203 2252 tunc
1218 2163 1363 2243 praecipit
1387 2162 1551 2244 religiosis
1580 2163 1676 2226 vitam
1701 2177 1911 2234 communem,

278 2286 419 2352 'omnine
435 2279 491 2342 ubi
521 2275 569 2338 sic
597 2286 748 2352 expresse
780 2267 964 2346 praecipitur
983 2286 991 2327 ι
1008 2265 1076 2340 Quo
1126 2279 1198 2325 cum
1215 2282 1230 2325 a
1247 2271 1410 2328 conventu
1436 2264 1517 2327 nihil
1547 2264 1632 2346 quod
1650 2265 1692 2325 sit
1710 2263 1912 2325 necessarium

281 2379 464 2450 Tridentini
475 2374 605 2439 concilii
613 2371 735 2433 decreta
747 2368 783 2429 da
795 2367 994 2448 paupertatis
1004 2374 1076 2427 uoto
1126 2362 1308 2444 donipetur.
1326 2365 1408 2447 (Lib.
1425 2383 1468 2440 iv,
1485 2365 1552 2437 c.1,
1570 2383 1602 2426 u.
1619 2363 1680 2444 15.)

260 2499 262 2502 ’
282 2478 486 2549 custodiendo
498 2475 621 2557 fidelius
642 2472 859 2542 observentur,
877 2468 1077 2547 precipitur,
1165 2468 1221 2528 lll.
1241 2473 1389 2529 Attamen
1406 2485 1445 2528 ex
1460 2465 1658 2528 Tridentinis
1687 2471 1717 2526 et
1737 2461 1907 2544 pontificiis

278 2596 316 2648 ut
334 2582 443 2646 nullus
462 2597 502 2639 ear
513 2573 682 2656 frutribus,
695 2571 818 2632 etiamsi
847 2570 998 2648 superior
1022 2571 1076 2644 sit,
1127 2567 1269 2629 decretis
1293 2567 1457 2646 peculium
1481 2567 1669 2646 prohibetur
1701 2564 1911 2644 regularibus.

281 2687 363 2748 bonu
378 2677 561 2749 inmobilia,
590 2673 638 2736 ael
664 2671 805 2761 mabilia,
826 2679 883 2732 aut
896 2669 1076 2748 pecuniam,
1126 2667 1187 2729 Sed
1208 2665 1374 2748 saltemjeu
1389 2667 1626 2730 consuetudine
1642 2674 1672 2728 et
1684 2665 1772 2728 sedis
1789 2671 1910 2743 aposto·

278 2789 464 2866 proventus,
487 2792 610 2844 census,
628 2772 846 2849 eleemosynas,
864 2770 929 2830 siue
945 2787 984 2831 ec
1000 2786 1077 2830 aon·
1125 2765 1197 2829 lica
1212 2766 1314 2847 praxi,
1330 2767 1427 2831 hodia
1457 2765 1546 2828 licita
1574 2773 1651 2827 sunt
1671 2764 1801 2845 peculia
1827 2763 1859 2826 in
1877 2762 1912 2826 ils

281 2869 437 2955 sionibus,
456 2879 519 2940 sicr
535 2894 574 2936 aa
593 2871 791 2945 lectionibus,
810 2879 866 2931 aut
883 2887 944 2950 pro
960 2869 1075 2943 missis,
1125 2869 1339 2931 conventibus
1364 2869 1399 2930 in
1426 2867 1547 2947 quibus
1579 2867 1665 2947 viget
1687 2883 1805 2928 eorum
1829 2881 1912 2928 usus.

282 2997 345 3048 tum
357 2984 391 3045 in
405 2979 543 3060 propria
569 2974 706 3045 ecclesia,
730 2989 822 3050 quam
836 2971 1012 3051 ubrcnnque
1028 2990 1077 3032 ce·
1126 2967 1183 3048 (lta
1202 2969 1239 3031 D.
1255 2971 1370 3044 Bourx,
1388 2968 1518 3049 Dejure
1531 2965 1632 3046 repul.
1649 2971 1726 3028 tom.
1743 2967 1783 3040 ll,
1805 2983 1835 3044 p.
1852 2963 1913 3042 ala,

281 3079 452 3150 lebrandis,
484 3075 584 3136 alioue
608 3073 751 3151 ipsarum
779 3074 869 3152 justo
895 3069 1015 3144 labore,
1049 3079 1079 3130 et
1109 3085 1199 3132 cum
1214 3071 1245 3131 S.
1264 3073 1409 3132 Lraoaro.
1428 3068 1485 3132 lib.
1498 3087 1531 3131 rr
1545 3085 1613 3146 cap.
1630 3068 1658 3141 t,
1676 3085 1709 3129 u.
1726 3068 1763 3130 15
1779 3063 1913 3146 stallis.)

281 3201 389 3255 causa,
403 3187 624 3258 etquocunque
637 3173 760 3232 nomine
774 3170 940 3249 acquisita,
957 3171 1078 3234 etiarnsi
1166 3192 1181 3227 a
1206 3169 1266 3232 libi
1287 3185 1363 3233 vero
1390 3169 1476 3249 viget
1491 3170 1556 3232 vita
1569 3167 1766 3241 communis,
1792 3171 1850 3228 aul
1864 3163 1912 3228 ubi

279 3279 423 3346 subsidia
441 3276 757 3354 consanpuineorunr,
782 3281 838 3333 aut
857 3271 985 3350 piorum
1009 3270 1078 3332 lur—
1124 3270 1312 3334 auctoritate
1338 3271 1484 3350 legitima
1507 3270 1739 3344 reduceretur,
1768 3273 1915 3330 tenentur

280 3384 401 3465 pitiana
414 3379 526 3457 lepatu,
537 3372 922 3451 coadunationessuerint,
932 3380 1077 3450 tunquam
1124 3371 1290 3452 regulares
1312 3370 1389 3434 huia
1411 3370 1482 3434 ritae
1503 3368 1671 3432 communi
1698 3376 1730 3431 et
1759 3367 1913 3432 reforma·

278 3483 489 3565 proprindat
501 3471 1076 3550 etiamnomineconuentuspocsidere
1126 3471 1206 3535 tioni
1248 3488 1321 3534 sese
1360 3470 1571 3544 submittere,
1592 3469 1689 3532 modo
1714 3467 1818 3529 simul
1840 3465 1912 3545 ipsis

282 3583 395 3668 possit,
414 3579 467 3642 sed
478 3597 512 3639 ea
525 3578 629 3638 omnia
641 3575 748 3636 statim
762 3573 925 3654 superiori
942 3571 1073 3634 tradan—
1123 3573 1305 3639 uecessaria
1325 3573 1585 3652 suppeditentur,
1604 3578 1634 3634 et
1651 3570 1792 3650 graviter
1812 3584 1915 3649 perra·

282 3695 349 3760 tur,
366 3690 395 3744 et
414 3678 581 3742 conuentui
602 3679 861 3754 incorporantur,
891 3681 983 3753 atque
1006 3691 1076 3734 cram
1123 3681 1195 3737 rent
1226 3673 1355 3754 praelati¹
1371 3673 1536 3753 regulares
1563 3673 1768 3753 peculiorum
1793 3669 1915 3751 praxim

282 3784 402 3848 ceteris
418 3779 506 3842 illius
529 3778 630 3850 bonis,
648 3773 840 3846 redditibus,
855 3773 1012 3854 pecuniis,
1039 3791 1075 3834 ac
1123 3775 1246 3855 absque
1292 3774 1481 3838 necessitate
1528 3773 1786 3837 introducentes.
1835 3773 1915 3833 Prte-

279 3874 988 3962 proucntibusconfundantur,quoaomrnnnis
1005 3871 1077 3932 inde
1125 3884 1211 3938 terea
1234 3875 1399 3955 regulares
1420 3875 1478 3955 qui
1502 3883 1635 3956 possent
1661 3875 1783 3954 absque
1809 3871 1915 3954 gravi·

281 3986 383 4045 nictus
398 3989 425 4042 et
447 3979 579 4040 restitus
593 3973 734 4035 omnibus
754 3969 1074 4051 suppeditariposeit.
1123 3977 1184 4040 bus
1210 3977 1427 4040 incommodis
1447 3977 1544 4039 vitam
1570 3993 1777 4039 communem
1796 3976 1833 4038 jn
1848 3973 1914 4037 suis

282 4082 363 4156 0⁰oe
378 4081 506 4142 decibili
521 4075 705 4162 ⁰⁰ssfitffl⁸lil
716 4079 791 4134 ⁵⁰⁰1
802 4073 840 4134 ab
854 4069 977 4134 Uibilio
989 4071 1073 4134 Vlll·
1122 4078 1336 4140 consentibus
1350 4078 1516 4153 reducere,
1533 4087 1630 4159 atque
1646 4078 1680 4140 id
1695 4095 1760 4140 non
1780 4076 1914 4150 faciunt,

299 4231 302 4238 .
323 4185 370 4246 Ex
385 4177 507 4261 quibus
523 4175 666 4238 textibus
687 4189 744 4252 per
760 4172 899 4250 plurima
914 4189 1076 4235 sacrarum
1124 4177 1285 4257 vituperio
1301 4178 1391 4258 digni
1407 4184 1495 4251 sunl,
1512 4186 1543 4241 et
1558 4177 1609 4242 vel
1626 4195 1666 4242 es
1681 4177 1741 4241 hoo
1754 4179 1829 4257 ipso
1846 4194 1914 4238 sese

283 4279 570 4360 congregationum
603 4274 730 4335 decreta
772 4269 961 4335 soniirmatis
993 4277 1076 4350 patet
1123 4277 1819 4358 produntiuprosaquendaritaereligiosae
1842 4294 1915 4356 per-

281 4381 448 4477 rpgnlares
463 4377 636 4455 utriusque
655 4389 753 4435 sexus
769 4388 833 4434 non
851 4386 944 4450 possa
960 4373 992 4433 in
1007 4387 1076 4450 par·
1122 4377 1263 4440 sectione
1281 4377 1372 4440 ualde
1388 4378 1552 4441 remissos.
1563 4400 1577 4436 n
1590 4377 1640 4460 (b.
1654 4381 1769 4454 Bourx,
1783 4378 1830 4438 De
1842 4379 1915 4460 jare

281 4479 408 4546 ticulnri
422 4479 550 4552 babere,
565 4481 595 4556 el
605 4475 745 4536 retinere
758 4471 880 4552 aliquid
893 4471 1072 4550 proprium,
1123 4475 1226 4558 repul.
1241 4485 1317 4540 tom.
1328 4478 1371 4554 ll,
1388 4494 1419 4555 p.
1434 4478 1494 4539 ata
1508 4486 1539 4540 et
1553 4475 1636 4560 seq.)

281 4601 389 4664 ireque
404 4581 448 4644 de
471 4578 611 4651 licentia,
637 4592 673 4637 ac
696 4572 951 4652 dispensatione,
961 4573 1072 4652 cujas·
1163 4579 1217 4638 ill.
1233 4575 1337 4656 igitur
1353 4575 1480 4654 peculia
1505 4593 1570 4639 nou
1594 4584 1670 4641 sunt
1691 4576 1826 4640 tolerata
1851 4575 1914 4639 nisi

283 4700 413 4782 cunque
447 4676 639 4758 superioria,
667 4673 716 4736 rel
744 4672 980 4752 superiorissae.
1006 4671 1074 4735 lmo
1122 4679 1157 4741 ln
1174 4677 1378 4740 monasteriis
1391 4677 1609 4764 pauperibus:
1625 4689 1721 4759 atque
1735 4686 1770 4740 ut
1787 4678 1913 4760 regula·

282 4785 357 4850 talis
385 4780 524 4854 licentia,
552 4775 677 4840 etiamsi
706 4781 791 4837 esset
812 4773 940 4836 obtenta
957 4773 997 4836 ab
1021 4789 1077 4836 eo·
1123 4774 1915 4850 res,etamonialesinmonasteriisubinonadast

283 4881 358 4950 rum
387 4880 604 4964 generfllibuss
631 4877 687 4957 <llll
706 4875 851 4938 dicerem
878 4891 946 4936 eam
977 4892 1074 4955 posse
1122 4879 1188 4942 rita
1210 4877 1410 4952 communis,
1434 4879 1560 4956 possint
1585 4878 1671 4942 licite
1691 4879 1835 4960 exigere,
1862 4894 1914 4940 ra·

284 4985 476 5082 condidere,
492 4997 555 5043 ⁰⁰¹¹
576 4985 744 5043 e¹⁰⁰⁵lr0²
770 4976 936 5055 lessulflles
953 4975 1078 5039 Ullius*
1123 4981 1227 5046 tinere
1245 4987 1275 5043 et
1289 4980 1472 5059 expendere
1493 4979 1615 5058 lirella,
1628 4980 1746 5044 debent
1766 4981 1914 5062 quinqua

283 5099 380 5170 quea
395 5084 501 5164 culpa,
522 5087 553 5145 al
569 5097 659 5160 praua
686 5095 704 5140 a
722 5076 912 5140 Tridentino
936 5075 1073 5140 concilio
1094 5107 1099 5116 ·
1122 5078 1338 5153 conditiones,
1358 5095 1418 5143 seu
1433 5077 1680 5145 circumstantiae
1702 5099 1913 5146 concurrere:

283 5185 453 5267 imposita,
491 5190 579 5246 textu
612 5193 777 5258 ‚expresso
806 5176 840 5240 iu
873 5177 927 5241 cit.
954 5177 1072 5240 decret.
1118 5179 1227 5259 primu
1244 5179 1641 5261 scilicet,quodhabeant
1658 5183 1913 5263 dependentera

283 5283 543 5356 Clemenl·V111‚
562 5278 690 5346 Nullus.
1121 5279 1651 5362 volantatasupcrioris;secunda,
1664 5293 1698 5348 ut
1713 5288 1780 5353 sint
1798 5293 1912 5362 parata

298 5392 360 5453 vll.
390 5387 434 5449 ur
458 5383 573 5448 libellis
590 5392 620 5443 rt
643 5378 975 5462 peculia-Lauta
994 5385 1071 5441 sunl
1122 5383 1286 5464 peculium
1319 5385 1511 5466 consignare
1539 5387 1578 5449 ad
1614 5395 1730 5450 nutum
1766 5387 1910 5468 eiusdem

283 5485 429 5572 quedam
459 5485 574 5566 pitisio
605 5481 740 5546 vilililia
769 5480 953 5582 animaliter
975 5479 1072 5542 alicui
1122 5485 1323 5567 superioris;
1339 5488 1448 5564 tertia,
1461 5496 1496 5551 ut
1509 5489 1664 5567 pecunias
1678 5486 1910 5552 convertentia

282 5591 437 5669 religioso
453 5588 504 5650 vel
516 5584 646 5650 moniali
662 5601 678 5648 a
692 5583 942 5664 consanguineis
955 5582 1071 5646 soluta.
1122 5588 1229 5652 licitos
1242 5597 1273 5651 el
1291 5589 1363 5667 pios
1378 5606 1471 5666 usus,
1495 5599 1526 5653 et
1540 5591 1692 5654 decantes
1715 5607 1829 5654 eorum
1844 5599 1909 5652 sta·
1996 5573 1998 5642 l

283 5689 450 5757 Peculium
479 5689 531 5752 hle
551 5686 745 5767 intelligitur
760 5683 928 5768 quodlibet
952 5685 1072 5748 bonum
1121 5690 1188 5764 tui;
1206 5692 1581 5771 quarta,t1uodnou.sit
1606 5691 1770 5772 peculium
1793 5708 1909 5770 super·
1997 5767 1998 5772 Ἰ

259 5885 266 5900 ⁸
283 5788 471 5871 temporale,
488 5789 526 5854 ad
539 5788 748 5870 particulares
766 5785 907 5866 alicuius
919 5787 1069 5868 religiosi
1120 5791 1242 5866 tluum;
1259 5792 1378 5870 quinte,
1391 5793 1534 5876 quodsit
1546 5809 1645 5874 panes
1661 5809 1787 5874 capsam
1810 5793 1911 5873 depo·
