4042 6458
106 407 165 476 381
442 413 538 478 PARS
555 415 612 478 lll.
630 415 680 478 lili
697 415 896 480 estractus,
915 439 942 456 v
956 417 1030 480 ΗΒ.
1052 421 1104 483 lx.
1120 421 1168 484 till
1184 423 1317 500 tttctS,
1337 423 1421 488 llic.
1480 443 1481 446 ¹
1698 430 1756 495 882

108 521 215 584 tinem
230 519 392 586 societatis
408 521 580 600 parentulis
593 531 710 588 rectam
723 523 911 588 humanam·
962 539 980 588 a
994 527 1131 605 peccetis
1144 530 1363 595 abstineant...
1380 534 1413 595 2·
1427 531 1460 596 Si
1475 533 1662 601 occasiones
1680 555 1755 619 per·

107 638 183 703 que
211 621 389 686 liberorum
422 622 665 699 educationem,
694 625 845 707 adquam
869 625 910 687 de
962 632 1053 694 cendi
1070 632 1199 712 abipsis
1216 651 1279 700 non
1299 647 1454 714 avertant,
1472 642 1522 702 rel
1539 639 1572 704 in
1589 637 1680 714 locis,
1699 649 1754 704 aut

86 755 93 804 t
103 722 191 803 jure
203 722 339 788 naturali
356 729 511 788 tenentur
526 732 687 804 parentes.
964 729 1114 793 domibus
1130 737 1290 814 suspectis
1304 752 1360 800 eos
1377 736 1520 802 habitere
1531 741 1753 818 permittant...

152 826 216 890 lll.
230 827 275 888 lie
287 835 456 906 parentum
473 825 738 908 obligationibus.
751 861 790 872 -
808 825 913 888 t.Att·
961 830 994 892 3·
1009 831 1039 892 Si
1056 833 1208 910 consilio,
1224 839 1275 901 nel
1293 840 1443 920 exemplo
1459 841 1542 906 malo
1563 842 1753 924 depravent.

107 940 233 994 menta.
254 932 418 999 Parentes,
441 944 507 1008 quo
524 929 656 992 nomine
672 927 768 991 etiarn
789 928 913 990 intelli·
962 932 994 994 lt·
1009 937 1039 997 Si
1058 953 1121 1000 uon
1140 937 1324 1019 objurgent,
1346 943 1545 1024 puniantque
1561 943 1753 1021 dissolutos,

108 1039 240 1108 guntur
254 1030 478 1102 ascendentes,
494 1028 541 1091 uti
557 1045 650 1101 arus,
669 1045 808 1106 prossus
876 1029 910 1091 in
964 1033 1125 1096 moderate
1141 1041 1244 1098 tamon
1260 1059 1267 1098 ε
1284 1053 1355 1100 nam
1375 1050 1506 1120 peccent
1522 1043 1618 1106 etiam
1636 1043 1751 1107 verbe-

107 1147 239 1208 genere
260 1136 412 1192 tenentur
427 1129 515 1210 gravi
534 1126 730 1209 obligatione
744 1126 829 1208 juris
851 1145 910 1190 ntr-
963 1135 1063 1196 cando
1082 1132 1302 1213 immoderate;
1322 1158 1351 1201 v.
1369 1158 1416 1220 gr.
1438 1149 1473 1204 ut
1497 1142 1681 1208 notabiliter
1695 1143 1752 1208 lre·

110 1233 244 1306 turelis,
257 1232 365 1294 hirini
383 1239 412 1292 et
425 1229 572 1294 canonici
590 1229 711 1302 prolem
728 1237 909 1310 susceptam
964 1233 1093 1298 dantur.
1121 1259 1136 1294 e

107 1332 218 1406 olere,
249 1332 469 1430 omnibusque
496 1327 642 1409 ejusdem
675 1347 732 1409 pro
759 1337 850 1392 estate
879 1336 912 1392 et
1004 1334 1065 1398 3.r
1090 1339 1258 1403 'leuentur
1277 1341 1372 1403 etiarn
1396 1343 1477 1422 proli
1502 1343 1688 1424 relinquere
1718 1345 1756 1407 li-

107 1433 305 1496 conditione
344 1429 534 1511 indigentiis
557 1429 737 1491 secundum
766 1447 842 1493 suas
867 1430 912 1510 la·
963 1437 1117 1501 hertatem
1130 1440 1215 1504 circe
1231 1440 1423 1506 electionem
1440 1452 1554 1507 stotns.
1571 1445 1660 1510 Unde
1678 1464 1754 1526 pec-

107 1530 254 1596 cultates
284 1531 467 1612 prouidere.
495 1528 585 1592 ΜΘ
616 1530 755 1609 filiiflii
780 1540 911 1610 licelid
964 1550 1036 1602 cant
1064 1539 1185 1602 inritos
1211 1543 1250 1604 ad
1279 1544 1533 1620 matrimonium,
1555 1545 1603 1608 vel
1625 1545 1756 1626 religio-

110 1639 287 1710 parentas,
314 1631 370 1712 qui
395 1630 467 1694 sino
488 1630 573 1710 justa
603 1645 699 1692 causa
728 1632 849 1710 prolum
876 1631 909 1694 in
964 1657 1038 1702 nom
1062 1641 1219 1721 cogendo,
1237 1640 1285 1706 vel
1305 1643 1556 1708 abstrahendo...
1573 1647 1608 1708 Et
1623 1646 1755 1727 quidem

108 1731 271 1811 hospitali
288 1733 335 1794 rel
359 1731 438 1795 locis
454 1730 595 1811 publicis
612 1742 794 1812 exponunt,
809 1731 909 1795 hanc·
965 1741 1109 1805 trident,
1134 1759 1215 1805 3333,
1239 1743 1289 1816 25,
1316 1743 1361 1804 110
1381 1744 1484 1825 repert,
1506 1761 1533 1809 0,
1560 1747 1757 1820 18‚0100m.

108 1849 180 1912 que
206 1847 347 1895 canones
375 1830 408 1892 in
426 1847 548 1909 poenam
578 1838 746 1912 parentum
770 1848 787 1894 a
812 1831 910 1910 patria
965 1845 1107 1907 munient
1126 1853 1278 1926 cogentes
1306 1846 1344 1908 ud
1367 1848 1600 1909 monasterium
1628 1847 1754 1911 lilios.-

109 1943 277 2008 trotestate
299 1935 448 1999 liberent.
475 1935 521 2016 (C.
539 1936 627 1998 unic.
651 1936 696 1998 Dc
710 1936 860 2016 insubtile.
881 1947 911 2000 et
965 1947 1006 2027 (s.
1028 1947 1138 2008 chon.
1156 1955 1187 2007 et
1206 1946 1246 2008 ab
1266 1947 1335 2026 ipso
1358 1948 1457 2022 citat,
1485 1945 1541 2012 lib.
1566 1967 1611 2022 rr,
1634 1965 1704 2028 cap.
1721 1947 1754 2025 2,

108 2035 275 2115 latidedi.)
965 2047 1042 2112 dub.
1061 2049 1081 2108 2
1099 2067 1130 2110 n.
1153 2048 1213 2109 336
1230 2055 1261 2110 et
1282 2067 1350 2130 seq.
1366 2082 1404 2095 -
1424 2049 1471 2110 Ex
1490 2048 1630 2128 prelatis
1649 2047 1754 2111 mani·

151 2139 260 2200 trater
275 2146 413 2211 tenetur,
426 2139 496 2201 ,sun
512 2139 630 2210 veniali
648 2148 773 2212 tamen,
794 2147 909 2206 acrore
964 2149 1100 2212 testatur
1115 2169 1210 2232 qnam
1227 2167 1340 2229 magna
1352 2151 1437 2232 juris
1459 2159 1580 2214 nature
1597 2158 1628 2214 et
1651 2152 1754 2214 cirini

111 2240 254 2316 proprio
270 2239 362 2312 lacte,
377 2241 439 2303 uisi
458 2241 569 2304 haheat
587 2243 706 2322 justam
728 2245 911 2306 excusatio·
967 2251 1098 2314 violatio
1112 2252 1177 2314 sint
1194 2255 1281 2331 leges
1298 2251 1446 2316 humanos
1458 2253 1699 2316 educandorum
1718 2251 1756 2315 li·

110 2353 206 2400 nean.
224 2340 315 2402 'l'urrc
328 2357 404 2403 sero
431 2348 561 2403 tenetur
578 2340 641 2403 sub
662 2341 750 2420 gravi
780 2352 912 2422 peccato
966 2350 1115 2413 herorum
1136 2351 1271 2414 nativam
1290 2351 1467 2415 libertatem
1485 2353 1672 2433 parentibus
1692 2351 1757 2416 tol·

111 2437 235 2500 honam
252 2442 409 2503 nutricern
426 2458 586 2522 querere.
967 2451 1081 2514 lentes.
1104 2451 1157 2514 Sic
1176 2453 1232 2514 liei
1253 2452 1356 2514 locum
1376 2459 1490 2514 tenens
1506 2450 1679 2515 auctoritas
1699 2467 1756 2530 pc·

155 2543 253 2650 Pelet
279 2537 322 2623 (et
348 2543 381 2604 in
402 2543 474 2622 ejus
503 2543 755 2623 defectumtltrt)
786 2552 913 2610 tenetur
966 2562 1053 2618 ternu
1071 2571 1203 2635 pergere
1222 2553 1316 2617 dohet
1341 2555 1433 2635 quasi
1459 2570 1625 2634 procreare
1652 2561 1756 2616 totum

113 2641 216 2752 prola,
244 2657 306 2702 non
330 2645 452 2703 tontum
482 2640 654 2722 legitime,
681 2644 736 2706 sed
752 2644 848 2707 elium
866 2647 912 2723 (in
966 2672 1037 2719 esse
1055 2655 1146 2718 liberi
1168 2656 1369 2736 procurando
1385 2655 1455 2737 eJus
1477 2656 1755 2719 ccrrservctionern

111 2755 184 2818 qno
200 2756 255 2850 tus
279 2741 374 2803 civito
396 2742 608 2804 nomrrrrrmr
638 2744 914 2808 ernonirosorre·
966 2765 997 2820 οι
1025 2757 1154 2820 totalem
1181 2758 1411 2828 evolutionem,
1438 2756 1523 2820 sicut
1549 2757 1758 2837 conspergit

112 2849 308 2956 ctumpnrta
335 2861 363 2902 ¹¹·
382 2839 460 2902 rom
482 2841 621 2915 daivill,
654 2844 698 2904 ⁰0
715 2861 748 2903 ⁰⁰
764 2843 910 2924 ddfdt‘d·
967 2875 1236 2941 unumquemque
1262 2859 1424 2921 hominem
1453 2875 1562 2922 creare
1586 2875 1663 2922 eum
1686 2875 1756 2920 scr·

114 2958 149 3001 m
168 2952 312 3004 murim-
333 2959 423 3022 quam
444 2943 550 3023 port),
575 2943 697 3022 spurioe
711 2961 824 3007 curili!
852 2945 913 3008 ³¹5·
967 2957 1758 3040 vando,etadlinemejusduciteumdemdocendo

114 3050 239 3113 monle·
256 3040 315 3104 hoe
332 3052 381 3106 ⁰⁵1
395 3043 522 3115 cibum,
549 3053 673 3124 timum,
691 3045 864 3119 restitum,
881 3053 913 3109 01
977 3080 1024 3124 rer
1038 3077 1095 3124 sue
1109 3077 1205 3140 opero
1222 3067 1339 3133 creatu,
1357 3077 1412 3138 per
1427 3061 1635 3123 conscientie
1647 3057 1757 3122 lumen

115 3139 273 3204 honestas
293 3151 392 3217 artes,
403 3140 496 3223 juxta
511 3161 607 3207 sunm
627 3153 758 3221 statum,
774 3147 836 3209 nisi
865 3157 911 3211 te·
981 3149 1165 3204 ncessanter
1187 3138 1420 3219 promulgando
1433 3138 1540 3218 legem
1561 3147 1682 3203 nature
1702 3155 1759 3218 per

114 3259 197 3304 rnen
218 3241 352 3306 aliunde
370 3262 405 3308 se
434 3245 522 3309 ulere
539 3249 662 3326 possit,
689 3255 721 3311 et
746 3265 810 3312 non
831 3249 915 3312 indi·
966 3243 1073 3306 omniu
1096 3240 1200 3304 media
1214 3239 1336 3317 abipso
1350 3240 1417 3302 Deo
1432 3237 1579 3300 institute
1596 3245 1626 3300 et
1642 3246 1757 3300 creata.

115 3353 213 3426 geete
230 3347 347 3410 deinde
362 3348 458 3412 etiam
478 3349 586 3413 dotem
601 3350 711 3415 atto...
727 3352 765 3413 Et
780 3351 913 3432 quidem
1008 3345 1059 3407 tv,
1077 3341 1324 3405 deauctoritutc
1342 3338 1702 3420 parentumcoercr'tioo.
1718 3369 1760 3386 -·

114 3448 231 3511 clerici
248 3449 343 3512 etiarn
358 3467 397 3513 ex
421 3449 580 3515 fructibus
601 3451 827 3516 ecclesiastices
840 3469 914 3532 pos.
967 3444 1073 3516 hiber,
1090 3444 1192 3506 lactus
1207 3440 1410 3514 riradnltus,
1423 3438 1603 3502 auctoritati
1620 3449 1761 3518 paternae

114 3559 197 3616 sunt
214 3551 280 3616 hoc
302 3552 372 3616 suis
388 3553 510 3632 spuriis
529 3561 717 3633 prestere...
738 3553 822 3617 llinc
840 3571 915 3635 pec·
967 3561 1031 3610 non
1050 3544 1152 3624 magis
1172 3557 1268 3624 quam
1283 3540 1341 3604 liei
1358 3539 1537 3603 auctoritati
1561 3538 1678 3619 subjici
1697 3538 1758 3602 de·

115 3659 195 3714 cant
210 3673 221 3716 c
237 3654 266 3714 t·
280 3652 311 3714 Si
336 3667 399 3714 non
420 3651 592 3714 adhibeant
606 3651 828 3732 diligentium,
847 3650 912 3713 sal·
966 3646 1055 3710 sinit.
1068 3647 1159 3707 Tunc
1175 3659 1251 3706 tero
1265 3642 1393 3722 plenam
1405 3656 1475 3702 suae
1494 3654 1643 3718 personas
1658 3637 1757 3700 liber·

117 3761 187 3816 tem
204 3749 646 3831 mediocrenr,utacquirent
669 3749 768 3822 hona,
791 3746 913 3829 quibus
967 3757 1063 3812 tatem
1097 3745 1290 3826 possidens,
1321 3740 1518 3820 obsequium
1545 3739 1694 3821 eJusdem
1726 3739 1761 3802 ttt

115 3852 175 3915 lilii
188 3851 326 3920 alantur.
343 3851 545 3932 habeantque
561 3848 781 3913 hereditatem
798 3864 915 3911 secun·
967 3863 1055 3910 mere
1073 3842 1194 3907 rnorale
1207 3849 1239 3904 et
1255 3837 1465 3914 rationabile;
1486 3837 1554 3902 rice
1570 3852 1629 3901 sua
1646 3853 1761 3917 paren·

116 3955 200 4015 dum
215 3969 312 4015 suum
328 3960 457 4016 statum.
468 3953 545 4013 -·2·
559 3951 591 4014 Si
604 3950 688 4014 bona
706 3949 914 4030 dilapidando
965 3946 1053 4010 tibus
1067 3943 1263 4024 adjutorium
1286 3949 1317 4003 et
1333 3938 1493 4002 auxilium
1508 3935 1615 4001 debet.
1642 3937 1708 4017 lpsi
1722 3935 1761 4001 li·

116 4052 319 4132 impotentes
344 4070 380 4116 se
405 4053 552 4127 reddant,
569 4053 608 4116 ed
633 4051 754 4115 liberos
780 4052 913 4115 honeste
966 4048 1080 4111 berum
1095 4056 1143 4109 est
1159 4062 1217 4108 sua
1232 4041 1335 4106 officia
1351 4038 1529 4119 adimplere
1544 4037 1595 4102 nel
1617 4035 1759 4110 violare;

117 4151 304 4215 secundum
329 4157 445 4214 statum
461 4167 559 4213 suum
587 4150 788 4223 educandos,
805 4151 912 4212 acdo·
967 4144 1138 4228 potestne
1160 4143 1279 4206 malum
1297 4141 1479 4211 declinans,
1505 4137 1545 4200 eb
1568 4135 1759 4200 auctoritate

119 4251 307 4316 teudos-
324 4252 357 4313 3·
385 4252 416 4315 Si
447 4251 517 4313 sine
547 4248 691 4330 legitima
717 4265 814 4314 causa
840 4250 915 4313 tiliae
968 4255 1148 4330 paternase
1171 4245 1376 4320 subtrahere,
1407 4259 1476 4305 eam
1502 4255 1671 4320 spernere,
1702 4241 1761 4300 sed

118 4355 232 4420 dotem
254 4361 372 4435 negent
393 4352 443 4415 rel
461 4353 562 4416 filium
577 4352 792 4426 exheredem,
811 4371 841 4414 v.
865 4370 913 4432 gr.
968 4366 1132 4431 nunquam
1145 4348 1201 4428 jus
1226 4346 1320 4409 habet
1337 4345 1419 4407 hanc
1437 4341 1662 4406 anctoritatem
1680 4337 1760 4402 abo·

118 4451 202 4528 quie
220 4451 288 4515 rutt
307 4451 453 4533 ingredi,
475 4449 522 4514 rel
539 4459 588 4516 est
605 4452 750 4531 ingressa
782 4450 915 4531 religio·
969 4451 1073 4526 lendi3
1101 4449 1214 4532 nequit
1230 4447 1317 4510 enim
1342 4445 1446 4507 iacere
1474 4451 1507 4506 ut
1525 4451 1614 4522 pater
1632 4456 1695 4502 non
1719 4438 1763 4502 sit

58 4635 64 4645 ὓ
120 4571 210 4626 nem,
228 4552 277 4617 rel
300 4554 388 4634 quia,
407 4552 485 4631 ipsis
504 4553 626 4628 invitis,
643 4551 770 4630 nupsit,
789 4549 861 4612 licet
879 4567 914 4612 se
968 4563 1067 4634 pater,
1087 4569 1146 4614 nec
1159 4547 1359 4614 auctoritatis
1376 4545 1496 4608 divinae
1526 4544 1716 4622 delegatum
1733 4540 1764 4604 si

119 4652 281 4733 indigum
311 4651 360 4715 rel
380 4653 458 4734 quia
488 4653 573 4716 lilius
605 4652 752 4716 ordinem
785 4667 913 4715 serrum
967 4665 1073 4718 temen
1094 4669 1190 4716 secus
1212 4658 1297 4731 agat,
1313 4646 1593 4712 deordinntionem
1613 4653 1644 4706 et
1667 4639 1763 4705 nihili

121 4753 280 4831 suscepit.
312 4755 399 4816 Sicut
427 4755 514 4816 enim
533 4761 621 4834 puter
646 4761 775 4816 tenetur
803 4755 914 4817 dolere
967 4754 1193 4820 confusionem
1219 4752 1251 4815 in
1279 4749 1434 4813 familiam
1458 4747 1646 4812 introducit.
1673 4750 1763 4810 l‘nter

121 4853 608 4940 suasprolespromatrimonio‚
621 4853 917 4933 velingressureli·
968 4866 1087 4930 tamen,
1106 4860 1217 4918 contra
1235 4853 1284 4917 sio
1303 4852 1385 4915 mule
1403 4859 1552 4930 agentem
1570 4847 1683 4922 lilium,
1701 4844 1763 4912 ba·

121 4954 298 5040 gioniszita
310 4955 454 5020 etiamad
472 4955 698 5035 suscipiendos
710 4971 816 5018 sacros
828 4954 912 5018 ordi·
968 4957 1021 5020 bet
1040 4964 1164 5018 tanturn
1182 4953 1287 5017 media
1301 4949 1488 5022 coenobita,
1505 4947 1627 5030 quibus
1648 4965 1763 5012 enten·
1785 4955 1787 4962 ’

23 5066 26 5076 ’
123 5079 197 5126 nes.
217 5064 328 5143 Neque
347 5061 413 5124 brec
433 5057 565 5122 donatio
588 5067 637 5120 est
654 5055 915 5120 revocabilis...»
967 5059 1039 5122 dari
1054 5063 1177 5137 potest;
1190 5053 1414 5117 auctoritatem
1432 5057 1596 5132 paternam
1617 5047 1765 5112 uenerari

162 5167 197 5228 2.
213 5164 380 5228 Educatio.
399 5185 414 5220 ι
434 5165 583 5226 Parentes
603 5161 690 5241 greci
717 5161 915 5240 obligatione
968 5168 999 5224 et
1024 5159 1137 5223 timere
1148 5157 1252 5220 iecere
1263 5160 1394 5218 tenetur
1422 5160 1521 5234 pater,
1537 5157 1568 5214 et
1585 5149 1615 5214 si
1629 5150 1763 5230 quidem

122 5275 278 5330 tenentur
298 5267 458 5328 instruere
478 5263 598 5326 liberos
616 5279 672 5342 per
693 5279 741 5335 se,
758 5261 805 5324 vel
820 5260 914 5338 elios,
969 5277 1102 5324 necessa
1120 5259 1229 5332 luerit,
1258 5275 1276 5320 e
1296 5255 1429 5319 familior
1446 5253 1523 5316 sinu
1549 5253 1688 5332 ejusque
1710 5251 1765 5329 ju-

125 5372 160 5433 in
180 5367 373 5432 necessariis
384 5367 423 5429 arl
437 5365 585 5428 salutem.
598 5363 681 5426 Hinc
693 5362 833 5443 groviter
844 5379 916 5440 pec-
969 5364 1058 5427 ribus
1069 5359 1232 5440 expellere
1244 5357 1414 5435 indignum
1427 5355 1542 5427 tilium,
1552 5351 1762 5434 quiejusdenr

124 5480 210 5544 cant,
229 5473 258 5533 1·
272 5469 313 5544 si,
328 5465 529 5548 quantumin
546 5465 625 5545 ipsis
637 5471 699 5540 est,
714 5479 778 5526 nun
790 5473 914 5540 curent,
966 5462 1096 5528 familiee
1113 5457 1332 5524 subsistentias
1357 5463 1388 5518 et
1404 5451 1646 5518 conservationi
1663 5465 1763 5513 noce·

128 5571 271 5636 utboois
310 5569 454 5634 moribus
492 5566 704 5641 imbuantur,
738 5565 915 5628 doctrinum
969 5572 1027 5628 ret.
1052 5563 1112 5627 Sed
1135 5558 1324 5625 cumhomo
1350 5573 1413 5619 non
1437 5549 1762 5618 habcctdomininm

126 5677 352 5748 Christianam,
368 5693 426 5737 sen
440 5673 520 5736 tidei
546 5673 726 5735 rudimenta
739 5671 915 5746 addiscant,
970 5667 1042 5730 vitae
1056 5679 1135 5739 sue,
1159 5679 1217 5724 nec
1231 5659 1272 5724 sit
1291 5659 1442 5723 dominus
1463 5654 1681 5718 membrorum
1701 5647 1755 5714 sui

129 5793 301 5861 pravorum
328 5775 487 5840 consortia
509 5765 622 5847 vitent,
647 5772 791 5836 mundata
812 5772 867 5835 lici
886 5777 916 5834 et
969 5765 1126 5849 corporis,
1140 5761 1348 5828 tantominus
1364 5764 1460 5822 erunt
1473 5766 1621 5836 parentes
1636 5751 1761 5816 domini

130 5881 281 5950 Ecclesio
296 5880 479 5954 observent,
490 5885 686 5942 sacramenta
697 5873 914 5955 frequentent,
973 5871 1044 5938 titre
1062 5875 1093 5936 et
1109 5864 1325 5932 membrorum
1344 5875 1515 5943 corporum
1531 5871 1666 5922 suorum
1682 5851 1762 5918 idio·
