4046 6460
299 364 350 430 lot
816 369 834 432 J
839 370 930 431 dnls
949 368 1131 432 canoaldi
1151 363 1416 428 codennulull.
1881 367 1927 432 lte

300 498 373 546 sese
386 479 534 560 ingerere
551 496 590 544 rx
601 482 676 563 jora
690 481 878 563 dispositive
892 488 924 545 el
946 483 1093 563 proprie-

300 584 395 657 tario,
413 583 469 646 sed
485 583 591 646 solum
621 601 661 646 ex
683 584 757 663 jure
773 582 937 647 dircctloo.

341 685 394 746 vr.
411 685 471 746 Per
493 699 540 758 sa,
568 689 600 745 ct
619 680 749 745 secluso
769 682 841 762 jura
868 701 925 763 per
951 700 1094 748 consue-

301 780 447 844 tudinem
458 779 652 860 generaliter
679 779 824 856 inducto,
851 783 946 846 eliam
969 783 1092 847 monia·

301 882 348 946 les
377 899 440 945 nnn
458 888 625 960 exempta,
644 880 776 946 liberam
804 881 924 952 habent
950 884 997 948 rei
1026 901 1093 948 suaa

299 979 487 1059 temporalis
513 979 843 1056 administrationem,
870 981 1015 1061 exceptis
1030 981 1092 1043 i-

299 1081 471 1145 mobilium
493 1088 524 1143 et
553 1081 728 1144 mobilium
756 1083 974 1161 pretiosorum
1014 1083 1093 1146 alie·

260 1174 262 1180 ’
298 1183 496 1247 nationibus.
513 1185 590 1247 Nam
619 1184 794 1263 episcopus
813 1184 942 1265 dejure
971 1183 1093 1249 solum·

298 1284 393 1348 modo
420 1293 526 1365 potest
554 1287 585 1346 l·
600 1285 730 1364 exigere
750 1292 784 1348 ut
811 1285 874 1347 sihi
889 1286 1093 1349 administra·

298 1384 397 1448 tionis
423 1383 516 1448 *ratio
566 1383 741 1460 reddatur;
785 1385 818 1448 2·
846 1393 881 1448 ul
907 1402 965 1466 pro
994 1384 1092 1450 relius

297 1487 1091 1569 majorismomenlisuusexspecteturconsensus;

297 1590 328 1651 θ’
353 1587 381 1651 si
412 1588 570 1650 moniales
597 1585 913 1650 administratoribus
949 1594 1091 1662 utantur,

297 1691 336 1754 nd
373 1689 482 1768 ipsum
524 1687 665 1768 pertinet
706 1687 984 1752 administratores
1014 1687 1090 1751 illos

298 1789 474 1871 approhare
500 1796 532 1852 et
561 1804 727 1860 revocare,
765 1787 795 1850 si
832 1789 988 1852 moniales
1026 1805 1091 1852 non

298 1894 364 1960 sint
380 1897 546 1970 exemptae.
569 1889 660 1954 Unde
674 1891 824 1969 superior
842 1906 902 1954 seu
916 1891 1090 1970 episcopus

298 1991 413 2073 nequit
437 2007 494 2071 pro
518 1989 613 2054 libitu
642 2006 837 2056 consensum
862 1990 1022 2071 denegare
1049 1991 1090 2053 iis

297 2090 589 2156 administrationis
625 2091 763 2166 actibus,
804 2107 889 2172 qrxos
932 2089 1091 2154 moniales

299 2211 452 2274 peragere
476 2192 600 2265 volunt,
625 2210 685 2257 nec
705 2194 850 2275 exigere,
880 2200 916 2256 ut
939 2194 972 2257 in
993 2194 1089 2258 rebus

299 2295 429 2360 levioris
452 2295 605 2358 momenti
627 2294 735 2375 ipsius
766 2301 976 2375 exspectetur
1014 2309 1091 2358 con·

295 2414 413 2461 sensus

336 2494 558 2559 «Domestica
584 2493 722 2558 directio
752 2494 930 2575 spiritualis
948 2502 979 2558 et
1006 2511 1091 2559 mco·

296 2600 461 2662 nomicum
477 2597 673 2679 gubernium
697 2597 995 2678 congregationis...
1010 2644 1019 2673 ,
1034 2597 1091 2660 'de

293 2699 369 2780 Jure
400 2704 534 2779 spectat,
566 2714 631 2760 non
657 2697 697 2760 ad
735 2697 937 2777 episcopum,
965 2699 1021 2762 sed
1049 2698 1089 2761 ad

296 2801 396 2879 ipsam
416 2799 697 2881 congregationem
715 2798 853 2879 ejusque
872 2805 978 2878 caput,
993 2800 1089 2862 etiarn

295 2903 437 2980 seposita
453 2915 649 2981 quacunque
664 2901 870 2980 exemptione
887 2899 946 2973 ;ad
974 2899 1091 2963 tradita

295 3008 520 3081 porratam...
537 3009 569 3063 et
584 3001 616 3063 in
632 3001 741 3081 specie
761 3000 801 3063 de
818 2998 1008 3063 officialibus
1023 3015 1090 3062 mo

297 3101 444 3178 nialium,
469 3100 558 3183 quod
573 3101 716 3182 eligendi
733 3099 798 3165 sint
818 3117 836 3164 a
858 3100 1090 3180 superiorissa,

296 3223 355 3268 seu
371 3215 542 3279 conuentu,
558 3205 651 3287 juxta
664 3203 915 3290 constitutiones
930 3204 1087 3284 ipsarum,

296 3323 362 3369 non
373 3313 479 3369 nutem
494 3306 712 3386 abepiscopo,
729 3312 841 3370 tenent
856 3305 1085 3372 Gallemart....

298 3417 329 3470 et
362 3407 626 3489 Pasqualigns....
646 3407 688 3489 (S.
705 3423 815 3487 congr.
833 3407 956 3474 Concil.
973 3409 1007 3470 in
1022 3407 1089 3470 An·

1152 479 1296 543 tionibus
1319 479 1505 561 dependent
1533 480 1573 544 ab
1599 481 1778 555 ordinario,
1795 483 1849 546 cui
1881 489 1929 549 ad-

1149 579 1399 644 ministrationis
1426 579 1582 645 rationem
1613 583 1745 647 reddere
1775 588 1930 658 tenentur,

1147 687 1180 746 et
1206 682 1277 746 sine
1303 683 1398 764 cujus
1415 697 1579 748 consensu
1607 684 1754 766 graviora
1787 688 1930 766 expedire

1150 789 1332 862 nequeunt.

1187 882 1242 946 lv.
1260 885 1478 950 «Generatim
1502 885 1565 949 dici
1580 893 1696 966 potest,
1722 885 1870 966 praelatas
1893 889 1931 952 le-

1149 987 1312 1049 minarum
1356 987 1622 1060 communitates,
1670 989 1789 1053 eodem
1834 991 1929 1064 modo.

1148 1086 1253 1166 quoad
1278 1085 1438 1150 bonorum
1460 1103 1595 1151 suornm
1612 1087 1930 1162 administrationem,

1148 1187 1187 1251 ab
1230 1187 1397 1252 ordinario
1432 1189 1626 1270 dependere,
1669 1207 1705 1254 ac
1757 1199 1929 1254 conventus

1148 1291 1339 1354 monialium
1356 1292 1466 1356 stricte
1491 1293 1661 1368 dictarum,
1692 1293 1782 1358 etab
1813 1294 1929 1356 ordina

1149 1392 1195 1454 ria
1212 1391 1356 1473 episcopi
1368 1392 1600 1476 jurisdictione
1624 1411 1688 1458 non
1704 1403 1927 1472 exemptarum,

1149 1497 1189 1558 de
1206 1493 1327 1576 quibus
1338 1503 1444 1557 actum
1459 1505 1508 1558 est
1519 1494 1682 1574 superiori
1697 1493 1927 1574 paragrapho.»

1149 1597 1432 1680 (D.Boo1x,t'bid.
1450 1617 1481 1679 p.
1499 1599 1604 1662 elect
1635 1597 1719 1677 320.)

1189 1703 1227 1765 v.
1249 1699 1427 1781 Sedquoad
1444 1698 1601 1762 moniales
1631 1695 1778 1780 generali
1797 1695 1927 1777 plurium

1147 1810 1367 1867 concentuum
1387 1802 1612 1882 superiorissae
1636 1799 1814 1881 subjectas,
1830 1798 1927 1862 dicen·

1147 1908 1289 1970 domest
1314 1913 1426 1968 «stare
1446 1920 1545 1984 pianes
1570 1903 1673 1983 ipsam
1714 1901 1927 1982 congregatio·

1146 2027 1232 2084 nem,
1273 2012 1312 2074 de
1345 2009 1420 2090 jure
1464 2009 1646 2084 communi,
1672 2008 1810 2071 liberam
1845 2007 1927 2070 atah

1146 2112 1321 2178 ordinariis
1355 2112 1631 2193 independentem
1660 2111 1708 2176 rei
1749 2109 1925 2190 temporalis

1146 2214 1470 2289 administrationem,
1499 2213 1605 2295 quoad
1634 2213 1701 2288 illa,
1743 2229 1813 2294 quc
1842 2211 1925 2273 letius

1145 2317 1401 2396 congregationis
1410 2315 1699 2396 penerclercptrnarr
1713 2313 1899 2394 respiciunt.
1912 2333 1927 2368 ι

1147 2415 1197 2497 (ι).
1215 2417 1329 2492 Boou,
1349 2415 1428 2480 told.
1450 2435 1480 2498 p.
1506 2417 1577 2479 ool.
1599 2413 1670 2478 t'r'dc
1686 2412 1801 2495 inira.)

1444 2563 1559 2622 CAPUT
1576 2563 1650 2621 XIV.

1344 2675 1388 2732 Da
1396 2675 1547 2732 uisitatione
1570 2674 1742 2730 nroninliarn.

1341 2789 1356 2862 ς
1375 2789 1395 2846 ι.
1411 2819 1447 2832 -
1462 2787 1534 2858 outa
1555 2789 1592 2846 sit
1608 2788 1744 2846 visitatio.

1185 2902 1335 2967 visitatio
1350 2902 1542 2966 monialium
1563 2911 1611 2966 est
1626 2909 1727 2977 actos,
1754 2924 1771 2961 ι
1801 2915 1866 2984 quo
1883 2901 1921 2964 la·

1145 3004 1278 3084 gitimus
1303 3002 1452 3082 praelatus
1482 3003 1685 3079 monialium,
1710 3001 1807 3084 juxta
1831 3019 1921 3068 sacros

1145 3119 1288 3168 canones
1332 3109 1389 3166 aut
1426 3101 1677 3166 constitutiones
1723 3101 1920 3180 religionum.

1145 3203 1284 3284 inquirit
1297 3210 1415 3267 statum
1428 3208 1461 3266 et
1493 3217 1598 3266 mores
1637 3200 1833 3267 monialium
1867 3201 1918 3264 sihi

1145 3305 1374 3387 subjectarum,
1390 3304 1428 3368 ad
1448 3303 1598 3368 ellectum
1613 3302 1722 3368 debite
1751 3301 1918 3384 corrigendi

1144 3423 1299 3472 excessus
1317 3405 1376 3488 qui
1406 3404 1489 3469 lorte
1500 3403 1800 3486 deprehendantur,
1824 3421 1858 3469 ac
1873 3421 1918 3483 cp

298 3512 443 3585 rectane,
462 3511 606 3573 tollen.
625 3509 1088 3593 senatuconsulto.)
1144 3507 1294 3589 portunis
1340 3507 1456 3571 mediis
1479 3507 1692 3587 promovendi
1716 3506 1841 3570 bonum
1877 3505 1918 3583 ip·

337 3613 464 3676 «llinc
505 3611 672 3690 deputatio
710 3629 857 3676 sororum
892 3629 949 3692 pro
989 3613 1088 3676 variis
1143 3625 1274 3687 sarum,
1305 3615 1368 3672 tarn
1400 3608 1569 3688 spirituale
1606 3624 1703 3688 quam
1740 3605 1916 3688 temperator

296 3709 468 3791 explendis
487 3711 617 3788 officiis,
652 3729 778 3777 necnon
808 3713 924 3777 electio
956 3713 1088 3790 medici,
1144 3710 1243 3792 idque
1269 3727 1309 3773 ex
1330 3709 1559 3791 jurisdictione
1577 3709 1640 3772 sihi
1656 3717 1868 3789 competente,
1886 3709 1917 3770 ad

295 3811 472 3888 architecti,
494 3820 524 3874 et
540 3812 600 3874 alia
626 3811 659 3875 id
683 3829 801 3893 genus,
824 3813 902 3877 citra
939 3813 1087 3894 episcopi
1143 3811 1365 3874 executionem
1389 3811 1439 3872 sui
1471 3809 1639 3889 pastoralis
1662 3808 1773 3874 officii.
1793 3832 1808 3867 ι
1832 3811 1917 3870 leru-

295 3930 492 3977 consensum
516 3912 618 3976 libere
647 3931 665 3976 a
696 3922 860 3978 conventu
888 3916 958 3978 lieri
990 3931 1087 3995 posse
1143 3927 1268 3986 cantos,
1299 3911 1344 3971 Dc
1360 3908 1561 3987 mentalibus,
1581 3927 1613 3991 p.
1639 3911 1710 3988 227,
1734 3910 1815 3976 edit.
1828 3913 1917 3973 llona

295 4016 457 4079 censenda
488 4015 845 4098 sunl.(ll.Bou1x,Dc
881 4019 953 4078 iura
982 4015 1084 4096 repul.
1143 4011 1233 4074 l'ltll.
1673 4069 1677 4076 ,

295 4119 367 4193 ι.ΙΙ,
394 4136 425 4196 p.
445 4115 529 4198 318.)
1144 4131 1158 4206 5
1179 4130 1211 4188 ll.
1227 4161 1260 4175 —
1275 4131 1317 4188 hd
1331 4147 1465 4202 quosnam
1478 4131 1607 4202 prelatos
1621 4139 1727 4202 spectet
1748 4131 1914 4188 vlslnuonen

1401 4201 1560 4258 martialium
1575 4200 1675 4258 lacere.

293 4259 387 4333 §llll
404 4261 490 4316 -lie
502 4261 741 4318 administratione
759 4262 893 4319 honorum
915 4261 1005 4333 quoad
1021 4259 1086 4316 reli·
1257 4317 1263 4332 ,
1363 4316 1369 4328 ‚
1562 4315 1568 4328 ‚

330 4331 419 4404 glosas
442 4333 589 4387 mulierum
616 4333 842 4397 currimunitales,
866 4347 927 4404 que
951 4332 993 4387 ιιι
1019 4331 1086 4388 sim·
1182 4320 1206 4381 l.
1231 4319 1264 4382 St
1283 4315 1442 4381 moniales
1457 4331 1522 4379 non
1542 4323 1608 4381 slnl
1632 4324 1802 4395 exempta,
1829 4319 1913 4395 potest

330 4403 412 4476 plicia
425 4402 560 4461 duntaxat
576 4404 619 4459 vel
635 4404 710 4459 nulla
723 4411 785 4460 vota
799 4403 909 4460 habent.

1139 4418 1276 4482 eldebet
1292 4417 1353 4480 loci
1366 4415 1552 4498 episcopus,
1569 4415 1600 4480 ri
1615 4416 1788 4482 ordinariae
1799 4413 1914 4501 jurisdi-

334 4517 387 4580 1.ι
410 4517 588 4598 loquimur
608 4516 964 4597 decongrcgationibus
1002 4516 1084 4594 illia,
1140 4522 1257 4586 ctionis
1286 4537 1354 4584 suaa
1381 4519 1590 4584 visitationen
1614 4520 1701 4585 illam
1730 4519 1848 4584 lacere.

292 4617 407 4697 qualos
438 4617 587 4698 plurimes
624 4633 712 4683 nunc
742 4619 776 4682 in
804 4619 907 4684 Gallia
942 4628 1082 4696 exstant,
1179 4624 1276 4688 ll.Si
1303 4621 1570 4710 moniales-sint
1602 4629 1771 4703 exemptae,
1796 4638 1831 4685 ac
1856 4617 1911 4682 sedi
1985 4699 1986 4702 Ἴ

293 4717 742 4796 qrrraepiscoporumsaltem
773 4719 960 4784 auctoritate
991 4722 1085 4786 insti·
1140 4723 1326 4806 apostolicae
1366 4721 1551 4786 immediate
1592 4723 1755 4805 subjectae,
1793 4718 1911 4803 pertinet
1985 4717 1986 4738 ¹

294 4819 785 4899 tutectapprohatoeluerunl,
810 4828 843 4886 et
865 4839 949 4904 quaa,
989 4823 1083 4906 juxta
1139 4825 1282 4890 visitatio
1299 4823 1365 4886 haec
1382 4823 1421 4886 ad
1444 4823 1507 4887 loci
1547 4822 1749 4905 episcopum,
1778 4830 1909 4904 tanquan

294 4926 484 4999 praesentem
514 4921 665 4987 Ecclesia
684 4923 901 5003 disciplinam,
917 4925 1006 4991 licite
1028 4945 1084 4991 ex·
1139 4923 1428 5009 sedisapostolicae
1455 4925 1650 5006 delegatum.
1984 5007 1985 5010 Ἴ

291 5023 424 5098 sistunt,
446 5024 594 5105 quamvis
624 5042 682 5090 noc
705 5025 887 5092 clausuram
919 5046 980 5095 nac
1009 5037 1083 5095 iota
1178 5031 1219 5096 tl.
1235 5029 1267 5094 Si
1286 5029 1442 5092 moniales
1456 5028 1522 5094 aiut
1538 5035 1708 5108 exemptae,
1735 5035 1767 5092 et
1790 5020 1908 5108 prelatis
1984 5025 1985 5032 ’

291 5125 450 5189 solemnia
474 5125 660 5192 habeant.»
688 5131 775 5193 Bona
817 5133 1017 5208 earumdem,
1047 5135 1082 5199 in
1137 5132 1342 5215 regularibus
1361 5130 1598 5228 subjectas,eas
1633 5128 1765 5192 visitare
1791 5125 1907 5208 possunt

290 5226 634 5307 communipossessa,
661 5229 981 5299 ecclesiasticasunt.
1137 5242 1169 5300 et
1197 5234 1317 5299 debent
1349 5231 1513 5314 regulares
1535 5230 1680 5311 ipsarum
1715 5227 1852 5310 prelati3
1883 5228 1907 5285 ll
1983 5315 1984 5322 ἵ

330 5329 518 5409 ll.«lpsis,
545 5347 601 5409 per
638 5348 673 5396 se
700 5341 731 5397 et
753 5333 882 5399 seclusa
923 5338 1082 5405 contraria
1137 5331 1568 5412 simul,rnttonaclucrnrc,
1600 5331 1634 5394 id
1671 5337 1732 5406 est,
1768 5329 1847 5393 circa
1877 5339 1904 5385 tt

289 5431 528 5495 consuetudine
561 5433 724 5516 rimjuris
755 5433 1083 5519 habente,compete·
1136 5437 1245 5504 omnia
1286 5451 1359 5517 qua
1399 5434 1437 5497 ad
1489 5433 1648 5497 clausuro
1688 5425 1904 5495 observantiam

289 5539 336 5593 rel
360 5532 582 5612 independens
601 5535 749 5602 cllibera
769 5537 1080 5606 lionorumsuorum
1136 5546 1291 5621 spectant,
1324 5553 1378 5599 eas
1424 5533 1555 5598 visitare
1598 5536 1701 5614 potest
1729 5524 1903 5594 ordinarius.

288 5633 562 5700 administratio.»
1137 5644 1184 5707 ιιι
1201 5641 1350 5723 praelatos
1365 5643 1473 5701 aulem
1490 5634 1529 5700 ad
1549 5651 1632 5716 quos
1648 5640 1770 5716 spectat
1782 5630 1902 5698 visitare.

330 5732 387 5796 ιιι.
402 5735 623 5802 Nihilominus
646 5757 685 5802 ax
713 5739 857 5819 generali
900 5751 1079 5806 consuatu-
1136 5749 1256 5822 apectat
1271 5738 1390 5821 pariter
1405 5736 1562 5802 moniales
1576 5735 1737 5816 corrigere
1753 5740 1785 5800 et
1795 5727 1901 5817 punire

288 5830 377 5912 dine,
397 5852 436 5900 ex
458 5837 701 5916 particularibus
716 5845 902 5908 earumdem
919 5847 1078 5913 constitu·
1136 5847 1164 5911 si
1180 5841 1392 5926 deliquerint.
1431 5839 1506 5905 llec
1521 5849 1609 5912 extra
1632 5853 1761 5903 omnem
1790 5838 1899 5902 contro·
