4046 6460
143 395 200 472 soa
381 411 479 474 raas
498 411 557 475 111.
571 411 620 474 uu
638 405 835 474 rensuum.
852 403 1067 468 —utu.a1n.
1088 405 1138 466 na
1157 401 1443 477 ιιιιιιιιιιιιιι,
1463 401 1543 464 arc.
1716 399 1771 464 ete

143 521 297 584 clausura
326 515 474 601 separata
498 522 602 598 clavi,
632 529 663 588 et
691 539 783 586 muro
819 535 935 584 conre-
986 517 1026 577 de
1049 515 1130 580 iacto
1152 533 1233 580 saer.
1262 529 1371 594 congr.
1398 513 1431 576 in
1453 512 1617 576 similibus
1638 517 1771 580 casibus

145 620 264 684 nieuti.
289 622 453 698 sacristia,
472 624 621 704 adquam
640 641 703 687 non
728 629 815 704 patet
830 622 935 684 aditus
985 617 1152 680 cousuevit
1179 632 1306 694 semper
1327 614 1488 676 declarare
1512 620 1768 692 transgressores

144 719 211 780 nisi
233 737 291 799 per
307 720 455 801 januam,
482 739 556 802 que
576 724 618 786 sit
641 723 676 786 iu
691 722 830 786 elaustro
846 738 934 784 com·
986 717 1135 781 incursos
1159 717 1193 780 in
1219 733 1326 796 pmnas
1350 722 1479 778 taxatas.
1505 737 1520 773 ι
1544 714 1640 790 ibid,
1657 715 1769 796 n.29.)

143 817 359 898 prehenditur
394 823 457 884 sub
487 823 653 897 clausura;
685 839 778 886 secus
803 837 878 884 vero
906 822 935 882 si
1024 819 1091 880 vtl.
1116 817 1270 894 Quamvis
1295 815 1373 878 viris
1400 816 1608 878 saecularibus
1638 816 1771 880 nonsit

146 919 246 984 habet
269 921 454 1000 ingressum
470 938 487 985 a
504 923 572 986 sola
586 924 733 987 ecelesia.
751 923 784 985 Si
802 939 878 986 vero
895 923 935 986 ad
985 917 1109 998 dejure
1125 917 1289 979 communi
1307 916 1491 996 prohibitus
1506 916 1676 996 ingressus
1689 934 1769 980 cou-

145 1020 325 1083 sacristiam
346 1021 468 1103 duplici
489 1032 590 1102 porta,
607 1023 718 1086 nnaiu
734 1023 886 1096 claustro,
903 1028 935 1084 et
984 1025 1100 1081 neritus
1122 1016 1331 1096 regularium,
1354 1034 1414 1079 nee
1441 1017 1588 1081 absolute
1610 1017 1771 1095 prohibita

143 1117 210 1180 alia
239 1119 273 1182 in
300 1118 435 1184 ecclesia
460 1121 636 1184 exsistente
674 1128 778 1200 pateat
806 1120 933 1192 aditus,
984 1116 1353 1196 iuipsiscommoratio;
1375 1117 1564 1195 prohibetur
1585 1127 1688 1181 tamen
1704 1118 1766 1182 ali·

145 1219 308 1282 contineri
332 1221 393 1282 sub
408 1221 557 1284 clausura
581 1222 760 1286 docuerunt
777 1220 885 1302 plures
903 1227 934 1283 ct
984 1217 1106 1296 quibas
1128 1215 1332 1296 regularibus
1355 1232 1409 1278 eos
1426 1217 1581 1292 recipere,
1598 1224 1629 1279 et
1650 1218 1769 1280 admit-

144 1317 246 1396 hajus
278 1319 392 1380 mentis
420 1319 553 1382 ridetur
578 1318 680 1384 inisse
710 1336 791 1384 saer.
823 1336 932 1399 congr.
985 1324 1052 1380 tere
1072 1317 1107 1379 in
1124 1317 1220 1380 certis
1240 1317 1441 1396 temporibus
1458 1323 1488 1378 et
1503 1317 1767 1395 circumstantiis,

144 1418 258 1498 Epise.
285 1425 316 1480 et
341 1419 483 1498 negat...
508 1420 570 1483 Sed
596 1421 702 1500 praxis
724 1418 792 1483 iere
810 1419 934 1500 abique
984 1424 1019 1480 ut
1045 1419 1209 1498 signanter
1237 1434 1292 1496 pro
1331 1417 1483 1480 iratribus
1515 1419 1695 1482 Minoribus
1726 1420 1767 1483 de

143 1517 277 1581 ridetur
304 1518 339 1581 iu
362 1519 571 1583 eontrarium.
605 1542 621 1579 s
650 1519 814 1599 (Faunae.
843 1517 931 1582 verb.
984 1518 1195 1583 observantia
1214 1519 1358 1584 decrevit
1375 1535 1455 1581 sacr.
1482 1534 1591 1599 congr.
1612 1519 1719 1598 Episc.
1737 1525 1769 1586 et

143 1618 339 1694 Consentes,
355 1627 412 1682 art.
429 1622 459 1694 3,
477 1638 509 1682 ιι.
531 1622 599 1684 3ι1
610 1620 714 1702 seqq.)

183 1720 241 1781 lll.
266 1720 408 1784 semine
435 1737 548 1785 omues
569 1728 601 1786 et
628 1740 830 1803 quecunque
853 1722 932 1785 reli·

142 1819 311 1901 giosorum
336 1823 516 1886 clausuram
536 1825 765 1906 ingredientes,
782 1826 851 1889 sire
873 1825 934 1888 suh

143 1931 300 2000 pretextu
330 1925 589 2003 privilegiorum,
620 1925 690 1990 sive
719 1928 840 2006 absque
873 1925 934 1990 hoe

142 2024 313 2095 pretextu,
329 2021 698 2085 excommunicationem
726 2041 814 2102 pape
830 2041 933 2087 reser-

141 2126 247 2183 vatam
269 2121 446 2185 incurrunt.
466 2122 606 2201 (Constet
624 2141 667 2188 ex
683 2123 788 2188 allatis
805 2125 933 2206 pomili-

140 2218 205 2280 ciis
218 2221 535 2306 constitutionibus.)

184 2321 271 2382 lV.a
295 2323 330 2384 ln
356 2323 517 2400 predictis
540 2324 637 2388 bullis
661 2326 846 2404 pontificum
865 2343 931 2390 non

140 2419 464 2499 comprehenduntur
492 2423 712 2502 imperatrices
740 2432 772 2488 et
800 2427 930 2507 regines,

140 2537 322 2602 earumque
336 2522 421 2596 lilios,
434 2530 466 2586 et
479 2525 551 2587 alim
565 2523 694 2588 lemine
711 2544 929 2608 quacunque,

140 2620 304 2696 aemiliae
320 2623 549 2686 comitantur.»
567 2626 756 2702 Parnassia
773 2627 821 2689 tit.
833 2644 929 2703 xxxv,

142 2716 202 2780 lib.
218 2735 254 2780 ιιι
270 2718 426 2784 Decrelcl.
442 2739 474 2783 n.
491 2718 554 2801 bb.)

184 2820 262 2882 Η
281 2820 498 2898 prohibitione
516 2839 579 2887 non
598 2825 805 2904 excipiuntur
819 2827 932 2891 ducis-

141 2935 199 2994 ste,
224 2917 431 2995 laudatrices,
452 2923 692 3002 benefactriees,
711 2926 822 2990 aliaeve
851 2928 927 2992 ullra

141 3019 293 3095 femine,
313 3020 377 3083 nisi
400 3007 607 3102 privilegium
643 3026 843 3104 pontificium
877 3029 928 3092 ha·

142 3119 241 3182 beant
253 3119 342 3198 juxta
363 3119 496 3184 iormam
514 3125 726 3203 praescriptam
743 3127 777 3189 in
800 3130 929 3194 constit.

142 3220 309 3282 Benedicti
326 3222 402 3284 xlv
414 3222 518 3302 Super
532 3225 701 3301 regularia.
720 3229 874 3291 'Attamen
889 3229 929 3294 de

141 3319 301 3396 puellulis
326 3322 468 3399 parvalis
492 3324 689 3402 disputatur,
711 3327 798 3390 unde
817 3329 929 3394 saltem

141 3417 402 3484 concludendum
428 3423 555 3498 videtne
586 3441 694 3505 pennas
732 3427 766 3490 in
791 3429 928 3507 pfaetfltts
977 3421 1151 3498 pastoralis
1178 3420 1297 3501 officii:
1327 3426 1358 3482 et
1379 3421 1507 3484 constit.
1526 3421 1641 3482 Decori
1656 3430 1684 3481 ct
1705 3420 1762 3482 lto-
1865 3495 1868 3502 .

140 3517 244 3582 bullis
271 3529 404 3584 statutas
432 3538 495 3585 non
523 3525 713 3588 incursuros
744 3529 928 3607 religiosos,

140 3619 200 3698 qul
214 3620 386 3698 puellulam
401 3622 482 3685 intra
496 3623 634 3688 claustra
649 3627 867 3693 admitterent.

185 3718 239 3779 Vl.
262 3717 418 3800 Religiosi
443 3721 593 3799 laminas,
612 3741 630 3788 a
651 3728 794 3806 generali
819 3731 930 3808 prolri·

141 3818 270 3882 bitione
297 3838 359 3884 non
381 3831 543 3903 exceptas,
569 3826 653 3889 intra
673 3827 852 3892 clausuram
875 3833 928 3896 in·

141 3919 352 3983 traducentes
364 3938 423 3985 seu
435 3924 655 3997 astrarittentes,
674 3927 842 3992 incurrunt
857 3931 929 4008 ipso

140 4013 229 4081 iacto
244 4018 456 4098 privationem
475 4021 654 4086 ciliciorum
676 4043 822 4104 suorum,
839 4029 930 4093 inha-

141 4115 302 4181 bilitatem
325 4120 364 4182 ad
384 4120 464 4198 ipsa,
482 4129 513 4184 et
537 4123 788 4201 suspensionem
808 4145 825 4188 a
844 4127 929 4190 diri-

141 4215 216 4289 nis;
235 4226 385 4296 preterea
402 4219 572 4284 incurrunt
589 4222 686 4287 etiarn
709 4227 930 4291 excommuni-

141 4317 304 4382 cationem
323 4338 410 4401 pape
424 4332 627 4386 reservatam.

186 4421 357 4483 «Nomine
384 4423 613 4502 religiosorum
639 4425 927 4502 introducentium,

142 4516 199 4580 ael
225 4519 463 4582 admittentium
500 4520 655 4584 mulieres
688 4521 721 4584 in
749 4521 929 4586 clausuram

142 4625 325 4681 conventus
351 4620 486 4682 veniunt
517 4637 630 4683 ornnes
653 4621 798 4700 religiosi
828 4621 930 4684 active

983 1617 1098 1698 itegul.
1126 1641 1141 1677 ι
1180 1621 1284 1699 (Vide
1312 1620 1470 1694 Faunae„
1503 1617 1579 1681 ibid.
1613 1634 1646 1679 n.
1672 1617 1711 1680 33
1736 1624 1769 1682 et

983 1718 1066 1797 seq.)

1025 1819 1105 1880 11111.
1121 1817 1170 1882 Ad
1195 1820 1424 1901 obligationem
1449 1819 1607 1883 clausurn
1631 1819 1768 1883 retertur

982 1933 1041 1998 pro
1088 1917 1249 1996 religiosis
1289 1919 1443 1998 obligatio
1480 1935 1545 1981 non
1576 1915 1767 1996 egrediendi

981 2018 1119 2081 elaustro
1134 2020 1255 2097 absque
1280 2018 1409 2082 licentia
1430 2019 1482 2081 sui
1500 2017 1631 2098 praelati.
1649 2019 1766 2080 Trans·

981 2120 1109 2198 gressio
1141 2119 1329 2198 hujusmodi
1357 2117 1563 2198 obligationis
1579 2123 1766 2197 potestesse

981 2217 1055 2296 plus
1074 2218 1222 2280 minusve
1242 2218 1360 2296 gravis,
1388 2225 1419 2280 et
1438 2219 1477 2280 de
1493 2217 1604 2280 eadem
1616 2216 1767 2297 judicen-

982 2316 1058 2379 dnm
1084 2325 1131 2380 est
1155 2317 1247 2398 juxta
1277 2317 1526 2381 constitutiones
1552 2322 1582 2380 et
1605 2315 1766 2397 legitimas

981 2419 1236 2481 consuetudines
1265 2419 1527 2500 uniuscujusque
1570 2417 1695 2481 ordinis
1734 2423 1773 2480 et

982 2515 1249 2580 circumstantias.

1120 2679 1182 2755 51.
1196 2713 1232 2725 -
1249 2681 1288 2740 tte
1313 2684 1472 2740 monialium
1488 2683 1624 2741 clausura.

1020 2818 1046 2880 l.
1073 2817 1180 2882 Primo
1205 2819 1268 2882 snb
1291 2818 1419 2882 formali
1452 2827 1482 2882 et
1509 2819 1657 2882 absoluto
1683 2836 1766 2896 pre·

980 2924 1084 2996 cepto,
1115 2935 1187 2996 qam
1209 2925 1300 2982 autea
1330 2927 1451 2982 tautum
1468 2925 1536 2982 erat
1558 2921 1597 2981 de
1612 2919 1763 2994 consilio,

980 3015 1162 3080 clausuram
1195 3017 1390 3081 monialibus
1426 3018 1545 3080 indixit
1579 3017 1763 3080 Boniiaoius

980 3117 1103 3192 Vlll,in
1119 3135 1188 3198 cap.
1203 3119 1400 3194 Periculose,
1417 3117 1761 3196 uniciiertctarepol.
1792 3121 1797 3130 ’

979 3217 1014 3280 in
1030 3221 1063 3294 6;
1077 3226 1107 3282 et
1124 3218 1241 3282 deinde
1261 3219 1436 3283 concilium
1454 3219 1600 3282 Trident.
1619 3237 1698 3282 sess.
1710 3219 1761 3292 25,

979 3318 1025 3377 lie
1044 3317 1145 3398 repet.
1158 3329 1160 3332 ’
1174 3336 1243 3397 cap.
1260 3321 1295 3394 53
1311 3321 1342 3384 S.
1364 3320 1439 3381 Pius
1455 3321 1495 3389 V,
1524 3317 1651 3382 constit.
1670 3319 1764 3381 Circe
1782 3403 1786 3412 ἢ

979 3519 1110 3592 nestori,
1142 3525 1174 3582 et
1201 3517 1376 3598 Gregorius
1404 3519 1499 3593 xlll,
1534 3517 1663 3580 constit.
1698 3518 1762 3580 Dra

979 3617 1090 3679 sacris.

1020 3715 1059 3777 ll.
1092 3716 1182 3779 Unde
1209 3717 1247 3779 ad
1272 3717 1452 3780 clausuram
1479 3723 1645 3793 tenentur,
1677 3735 1764 3781 nunc

981 3815 1138 3878 moniales
1158 3833 1271 3880 ornnes
1292 3817 1445 3896 professas
1470 3819 1693 3899 cujuscunque
1711 3837 1762 3882 re-

981 3915 1077 3993 gula,
1105 3918 1230 3980 ordinis
1259 3925 1290 3982 et
1320 3921 1472 3995 nominis,
1490 3921 1586 3982 etiam
1613 3921 1764 3986 tertiariae

980 4015 1013 4078 in
1024 4018 1271 4097 congregatione
1282 4019 1438 4094 viventes,
1450 4029 1480 4084 et
1494 4021 1554 4083 tria
1568 4029 1640 4083 nota
1656 4037 1766 4084 essen·

981 4117 1069 4178 tialia
1095 4117 1288 4180 emittentes.
1309 4153 1347 4164 —
1362 4120 1567 4198 Exeipiendre
1587 4128 1663 4183 sunt
1685 4121 1764 4183 reli·

981 4217 1081 4296 glossa
1095 4217 1331 4298 mulieresque
1351 4228 1421 4283 vota
1437 4220 1590 4283 duntaxat
1602 4220 1763 4298 simplicia

979 4319 1206 4381 emittnnlsire
1222 4337 1261 4381 ex
1279 4321 1416 4382 decretis
1432 4329 1550 4384 sancte
1564 4321 1654 4383 sedis
1668 4329 1705 4382 ut
1728 4325 1763 4384 ia

980 4417 1094 4492 Gallia,
1111 4416 1180 4480 sive
1196 4436 1235 4480 ex
1252 4419 1397 4498 ejusdem
1417 4422 1505 4482 sedis
1522 4421 1704 4500 apostolicas
1716 4428 1764 4487 lo-

980 4521 1115 4585 leruntla
1144 4530 1180 4585 ut
1213 4522 1278 4602 jam
1325 4523 1445 4584 dictum
1475 4530 1535 4586 est.
1567 4523 1762 4601 Huiusmodi

981 4621 1142 4702 religiose
1165 4617 1303 4700 ¹possunt
1332 4622 1434 4684 teneri
1460 4622 1498 4684 ad
1522 4621 1702 4686 clausuram
1723 4637 1762 4685 ex

142 4717 320 4780 inlinentes
335 4719 366 4780 in
384 4719 671 4798 talemingressum
688 4719 877 4796 mulierum,
894 4727 930 4783 ut
982 4723 1091 4802 regula
1117 4731 1148 4784 et
1168 4721 1265 4796 votis,
1290 4721 1349 4785 sed
1374 4738 1438 4784 non
1462 4722 1631 4784 incurrunt
1656 4735 1765 4799 poenas

141 4825 224 4880 sunt
238 4817 423 4892 invitantes,
446 4817 666 4894 consulentes,
683 4818 860 4896 hortantes,
877 4837 931 4900 ap-
980 4829 1089 4885 contra
1107 4821 1279 4886 violatores
1294 4823 1453 4885 clausuras
1469 4821 1590 4901 papalis
1608 4821 1696 4883 latas.

142 4917 328 4998 probantes,
343 4926 557 4982 monstrantes
574 4919 646 4994 iter,
664 4920 848 4985 auferentes
867 4923 929 4984 im·
1020 4924 1076 4986 111.
1088 4921 1661 4998 Poenascontraviolatores'elausurae
1673 4937 1766 4999 papa-

141 5015 341 5096 pedimenta,
367 5019 499 5098 januam
533 5018 736 5097 aperientes,
767 5037 820 5082 eas
845 5021 929 5084 reci·
981 5023 1022 5085 lis
1034 5021 1145 5084 statuit
1168 5028 1297 5084 sanetus
1313 5022 1389 5085 Pius
1408 5021 1442 5082 in
1466 5021 1592 5083 constit.
1608 5020 1724 5082 Deeori
1737 5028 1767 5081 ct

142 5115 289 5192 pientes,
313 5117 525 5180 concedentes
550 5125 581 5180 et
610 5117 832 5182 alletoritative
860 5119 930 5184 sire
970 5123 1135 5186 honestati
1163 5121 1214 5183 his
1229 5121 1406 5184 terminis:
1429 5117 1531 5181 Aliter
1557 5127 1660 5180 uatem
1679 5136 1767 5198 epm-

141 5212 269 5275 ratione
285 5215 337 5274 sui
352 5213 447 5277 olircii
474 5216 695 5294 permittentes
710 5223 745 5278 ut
770 5218 929 5283 intrent...
982 5223 1111 5298 dientes,
1153 5239 1208 5283 aea
1239 5220 1397 5282 licentiam
1428 5219 1563 5281 exeundi
1601 5215 1767 5296 quomedo·

142 5311 405 5388 (inaurareris.
423 5314 611 5389 Conventus,
630 5315 735 5389 arth,
756 5315 869 5395 n.30.)
911 5343 913 5352 ‚
983 5337 1103 5399 cunque
1134 5317 1351 5391 concedentes,
1369 5333 1492 5378 necnon
1513 5315 1706 5386 comitantes,
1729 5332 1766 5376 ur

187 5411 283 5472 «nee
299 5417 402 5489 potest
423 5412 589 5492 superior,
608 5415 677 5477 sire
693 5413 777 5477 alius
798 5415 931 5496 religio·
982 5421 1111 5483 illoram
1137 5417 1356 5497 receptatriem
1378 5432 1549 5494 personas,
1568 5416 1634 5476 sice
1656 5411 1765 5489 laicas,

141 5527 204 5572 sus
226 5511 380 5575 mulieres
406 5513 633 5592 introducere,
659 5517 788 5598 quando
818 5533 930 5582 murus
981 5529 1037 5581 cat
1052 5519 1228 5590 seculares,
1249 5515 1298 5579 ael
1313 5516 1553 5587 ecclesiasticos,
1574 5515 1764 5592 consaepiri·
1786 5553 1794 5604 ,
1828 5521 1832 5528 '

142 5610 305 5674 clausurae
325 5613 498 5676 materialis
526 5632 565 5676 ex
586 5616 745 5679 accidenti
769 5624 819 5680 est
838 5617 931 5682 diru·
981 5634 1072 5690 neas,
1088 5614 1138 5677 ml
1158 5633 1240 5687 non,
1264 5612 1614 5678 excommunicationem
1635 5611 1765 5693 majoris

142 5717 216 5785 tue,
246 5711 321 5792 qnia
351 5729 480 5794 semper
513 5723 679 5779 remanent
702 5717 929 5794 laudamento,
983 5719 1052 5780 lato
1070 5717 1245 5779 annuntie
1278 5713 1425 5790 vinculo,
1458 5713 1582 5788 statim,
1616 5730 1650 5774 eo
1683 5712 1765 5792 ipsc,

143 5827 219 5891 qun
237 5818 313 5876 sunt
332 5813 450 5878 limites
466 5815 622 5882 clausurae
636 5817 701 5896 jam
723 5819 930 5898 pesile...·m
983 5818 1097 5894 eornm
1123 5815 1189 5879 elic
1214 5813 1426 5880 declaratione
1458 5811 1632 5896 subjacere,
1660 5829 1680 5870 c
1706 5825 1772 5889 pue
