4004 6458
261 431 317 498 itt
775 423 889 490 initis
909 421 1092 487 cinnami
1110 421 1377 486 coniunctura.
1836 423 1893 488 itti

261 535 427 623 republica
444 529 608 612 distinctis
638 535 735 616 eique
757 547 858 614 regno
890 533 1049 615 preposi-
1102 528 1274 610 disciplina
1295 529 1357 593 init
1374 545 1384 590 ι
1399 525 1627 608 magnesianos
1643 527 1711 594 rnlt
1732 529 1891 613 subiectus

262 655 313 707 tos
336 641 440 704 luisse
463 639 668 719 magistratus
696 633 753 716 qni
787 649 859 698 cnm
908 631 1049 714 irnperio
1101 647 1167 692 essa
1195 631 1356 710 episcopa,
1370 637 1406 692 ut
1421 627 1566 693 Cirittus
1587 627 1690 706 Petri,
1707 639 1737 695 at
1751 633 1892 712 upcstcti

262 744 445 808 societatem
475 738 618 804 fidetium
642 743 801 819 regerent.
814 733 943 798 obedite
967 751 1051 816 pru·
1102 729 1269 793 Christe...
1298 735 1360 794 etc.
1388 731 1602 812 laqueetur
1628 729 1793 812 Origenis,
1821 751 1896 813 qun

259 844 374 924 positis
389 841 514 904 castus.
543 839 589 901 ait
610 839 706 900 dirus
737 837 868 910 Paulus,
890 845 918 898 et
934 835 1046 918 subju·
1103 833 1242 914 pertinet
1257 832 1296 896 ad
1322 831 1444 897 exitum
1468 831 1687 907 esseminant
1702 833 1834 899 initium
1861 837 1892 911 3,

262 951 327 1006 ceta
342 943 413 1006 eis.-
435 940 500 1020 ipsi
519 939 600 1000 enirn
628 935 833 1019 parcipitunt,
858 937 957 1016 'quud
992 951 1051 996 ru·
1103 931 1144 993 ita
1161 938 1283 995 certum
1301 939 1399 1014 etque
1416 932 1617 1014 exploratum
1635 933 1787 999 omnibus
1811 940 1893 1010 erat,

262 1045 378 1106 ttuunu
391 1039 741 1122 proauiuuiusuuru
752 1036 922 1099 reddituri.
940 1033 1049 1115 (lists.
1103 1030 1321 1112 episcopusin
1344 1031 1486 1097 Ecclesia
1499 1049 1612 1112 gerere
1627 1034 1851 1114 magistratum
1864 1041 1894 1100 et

261 1159 330 1210 ιιιι,
345 1140 407 1218 tt.)
427 1137 492 1215 Qrsi
512 1155 566 1198 sos
582 1135 684 1208 cudit,
710 1153 757 1196 sus
777 1135 1052 1216 cuditratpuisos
1104 1131 1224 1196 babere
1248 1133 1350 1209 illam,
1366 1151 1439 1215 que
1462 1135 1665 1215 magistratus
1679 1145 1728 1201 est
1752 1139 1894 1217 propria,

262 1240 385 1320 spernit
396 1238 571 1318 mespernit
595 1237 672 1318 (Luc
683 1237 1050 1316 munimentorum
1099 1231 1361 1314 jurisdictionem
1374 1241 1406 1298 et
1422 1243 1628 1317 potestatem,
1643 1243 1678 1300 ut
1695 1235 1726 1300 id
1740 1243 1897 1317 unquam

262 1339 423 1416 explorata
451 1356 501 1401 res
527 1345 587 1412 est,
611 1337 654 1400 ibi
677 1353 788 1402 vocem
824 1335 936 1402 audire
963 1337 1051 1402 idem
1104 1335 1319 1400 certissimum
1334 1337 1745 1418 ipsetiripeoesadrersus
1760 1341 1893 1407 Celsum

262 1450 428 1502 sonareac
470 1436 607 1500 obedire.
645 1437 887 1500 Perambutcbut
928 1439 1052 1518 surium
1105 1445 1276 1516 proponat,
1291 1437 1528 1520 ecclesiamque
1550 1437 1692 1503 conlerat
1709 1457 1784 1503 cnm
1798 1458 1896 1520 repu-

268 1547 298 1601 st
328 1537 524 1602 cilicium...
536 1539 724 1618 precipiens
760 1537 918 1601 custodire
935 1556 1054 1619 prusa·
1104 1536 1199 1610 blica,
1219 1542 1250 1601 et
1271 1555 1343 1601 curn
1370 1539 1521 1603 civilibus
1536 1539 1772 1604 ecclesiasticos
1795 1540 1895 1621 magi·

262 1648 320 1719 pte
340 1637 557 1720 apostolorum
582 1647 611 1701 et
627 1641 799 1703 seniorunt.
814 1639 896 1719 (Act.
925 1639 1051 1720 subl.)
1105 1638 1236 1698 situlus·
1259 1633 1382 1716 (Cadit.
1411 1633 1544 1712 detrun,
1562 1635 1618 1698 tin.
1633 1653 1682 1711 ιιι,
1713 1653 1746 1718 p.
1771 1636 1835 1700 iod
1864 1645 1895 1702 ei

263 1737 342 1800 Cutn
376 1747 480 1799 cutem
509 1739 744 1818 pertransirent
767 1740 921 1812 ciuitates,
951 1737 1054 1800 trade·
1105 1731 1166 1795 itii
1172 1755 1181 1806 ;
1198 1739 1275 1795 turn.
1289 1734 1316 1809 i,
1333 1733 1383 1798 ed.
1404 1735 1503 1797 Paris.
1527 1735 1685 1816 taeni-
1702 1735 1750 1798 Ex
1763 1735 1896 1798 Tertul-

266 1839 342 1902 dunt
371 1842 415 1902 sis
435 1840 766 1921 custodireduprnctn,
793 1859 860 1921 quaa
896 1841 1052 1904 narside·
1104 1835 1454 1916 lltnmqilitlnnoffl
1479 1835 1832 1914 snumspolcgericnm
1854 1833 1896 1897 ti·
1999 1902 2000 1920 ξ

263 1949 349 2002 creto
378 1941 415 2004 ab
444 1941 596 2020 apostatis
629 1941 858 2006 serenioribus
890 1943 945 2024 qui
963 1953 1053 2006 erum
1104 1936 1197 2000 bruni
1236 1935 1392 2016 scripsit,
1423 1953 1492 2018 cap.
1522 1937 1585 2011 39,
1620 1937 1755 2018 judiciis
1793 1936 1898 2000 ecole-

262 2039 505 2118 Hierosolymis.
527 2039 618 2117 tect.
650 2053 720 2111 xri,
746 2039 790 2120 i.)
807 2041 942 2104 Sanctus
973 2043 1055 2103 Pau·
1104 2037 1242 2101 siasticis
1254 2055 1366 2118 mnpuc
1382 2056 1450 2099 curu
1464 2035 1601 2118 pendere
1614 2039 1659 2101 rei
1670 2037 1896 2117 discutieban-

263 2139 315 2202 lus
339 2140 459 2219 virgam
481 2139 623 2202 minator
652 2139 829 2202 Corinthiis
855 2139 885 2220 (1
907 2139 983 2203 Cur.
1002 2157 1052 2212 rr,
1106 2145 1168 2213 tur,
1195 2137 1472 2218 adhibebaturqne
1502 2139 1746 2218 cnstiputionuru
1772 2149 1805 2202 et
1837 2155 1895 2203 ax·

262 2238 347 2319 ill:
375 2245 409 2302 et
448 2239 616 2320 profitetur
639 2238 758 2302 habere
790 2255 826 2302 se
856 2239 1055 2319 inpromptu
1105 2237 1411 2302 communicationis
1426 2238 1595 2301 correctio.
1608 2268 1647 2284 -
1664 2245 1759 2302 Anno
1776 2241 1840 2304 252
1854 2241 1892 2302 ad

262 2338 376 2402 ulcisci
413 2357 532 2401 emnem
555 2339 854 2402 inobedientissime
882 2347 1052 2416 potestate,
1104 2337 1294 2406 Cornelium
1316 2353 1429 2416 papum
1455 2334 1586 2416 scripsit
1607 2345 1737 2401 sanctos
1764 2339 1898 2419 Cypria·

262 2439 319 2512 ait,
343 2457 434 2522 quum
457 2439 543 2504 dedit
569 2441 661 2504 nabis
690 2443 843 2503 Dominus
864 2441 997 2520 (licor.
1017 2459 1052 2515 x,
1104 2456 1167 2504 nns
1193 2438 1352 2503 celebrem
1380 2437 1574 2518 epistolem,
1602 2441 1665 2503 sub
1693 2455 1833 2503 numero
1857 2440 1899 2503 titt

264 2539 328 2613 lb.)
361 2539 488 2621 siquis
514 2539 706 2603 concludit
739 2541 832 2604 uerbo
857 2552 968 2605 nostru
996 2555 1055 2622 par
1105 2537 1184 2604 allas
1212 2535 1273 2613 ee,
1296 2536 1331 2600 in
1363 2553 1426 2618 qtra
1450 2537 1491 2600 de
1517 2537 1642 2617 privetu
1674 2537 1842 2611 haeretico
1866 2547 1896 2602 et

264 2641 441 2722 epistolum,
466 2643 749 2730 liuucnctotc,‘et
775 2659 814 2703 ne
859 2643 1055 2705 commisesu-
1105 2639 1252 2722 ejusdem
1285 2637 1527 2702 adhaerentibus
1553 2639 1672 2703 lorino
1696 2647 1728 2702 et
1756 2637 1901 2703 tissime
2000 2705 2001 2734 ¹

264 2741 346 2804 suini
366 2760 436 2803 curu
449 2741 519 2804 iilo.
532 2740 580 2823 (tt
596 2743 703 2805 Thess.
719 2760 768 2817 ιιι,
791 2740 855 2823 ti.)
1105 2745 1261 2802 memoret
1276 2751 1333 2801 eos
1348 2735 1529 2801 formaliter
1537 2737 1701 2817 judicatos
1715 2745 1748 2801 et
1761 2739 1896 2802 damna·
2000 2799 2001 2822 ,

302 2840 367 2916 Qui
391 2848 498 2905 textus
525 2841 626 2919 palam
655 2840 780 2905 faciunt
804 2857 823 2906 a
852 2841 980 2907 Christo
995 2843 1056 2907 da·
1106 2847 1173 2916 loss
1189 2839 1311 2919 etquis
1331 2839 1369 2903 sd
1386 2838 1572 2903 Corneliam
1589 2855 1702 2920 parram
1717 2837 1898 2920 appellara-

265 2941 444 3006 taminissa
467 2943 634 3022 apostolis,
663 2959 700 3006 ac
730 2957 842 3006 eorum
883 2959 1055 3008 snccessu-
1106 2937 1899 3019 mni,contrahujusmodiappellationemscribit

265 3043 496 3118 ribus,reram
532 3049 721 3122 potestatem
747 3061 882 3124 ragnum
915 3045 987 3120 Ilei,
1020 3045 1055 3109 id
1106 3039 1145 3104 ad
1162 3041 1358 3120 pontificem.

265 3150 328 3220 ast,
359 3144 550 3220 Ecclesiam,
595 3144 729 3225 regendi
763 3153 795 3206 et
838 3145 1054 3226 gubernandi.
1147 3143 1196 3205 nd
1221 3141 1316 3206 inem
1337 3137 1424 3204 tertii
1447 3139 1639 3216 suscitari
1667 3141 1706 3205 sd
1735 3157 1896 3206 summum

267 3247 338 3308 lam
383 3258 461 3308 reru
502 3245 665 3325 ejusmodi
699 3250 842 3325 potestas
866 3247 962 3310 etism
997 3259 1057 3326 per
1107 3241 1288 3310 adinitinm
1308 3239 1426 3324 quern,
1443 3240 1633 3306 referendos
1655 3255 1728 3306 esse
1756 3259 1896 3308 canones

267 3343 390 3427 virgam
413 3361 473 3410 sau
505 3345 743 3409 correctionem
772 3345 918 3425 regendi,
954 3345 1057 3426 impe·
1107 3345 1163 3430 qni
1180 3343 1335 3408 dicontur
1358 3341 1593 3420 apostolerum,
1611 3349 1724 3405 tenent
1751 3356 1897 3408 commu-

266 3445 360 3510 randi
383 3451 415 3508 et
444 3444 660 3526 gubernandi,
700 3446 887 3510 necessario
922 3445 1057 3510 includit
1108 3443 1193 3511 niter
1207 3441 1343 3519 eruditi,
1366 3440 1458 3522 atqui
1475 3439 1539 3503 lori
1559 3441 1756 3506 contentiosi
1774 3447 1901 3524 proprie

263 3543 468 3627 jndiciariam
492 3551 695 3625 potestatem.
717 3543 776 3607 ille
806 3543 894 3606 enlm
914 3559 979 3606 non
1002 3543 1058 3607 iu·
1109 3543 1187 3608 disti
1230 3557 1329 3605 usum
1361 3545 1470 3619 aperte
1494 3537 1650 3603 exhibent
1679 3545 1711 3603 et
1741 3540 1896 3621 regulant.

267 3649 322 3711 bet
341 3645 497 3726 populum
532 3644 667 3726 regendi
706 3660 814 3707 reram
852 3651 1055 3724 potestatem,
1109 3639 1380 3727 (conlinit.)

268 3747 326 3828 qui
372 3745 487 3826 nequit
528 3753 613 3809 ortes
644 3741 722 3808 lites
754 3759 970 3824 componere;
997 3756 1059 3807 nea
1148 3743 1329 3823 liemapud
1349 3741 1899 3824 eruditosprcrocompertahabe·

270 3847 358 3924 insta
388 3854 436 3908 est
464 3845 618 3908 coercitio
655 3845 719 3908 nisi
761 3853 886 3908 certium
922 3853 955 3908 et
986 3859 1061 3923 pro·
1109 3853 1173 3923 tur,
1196 3846 1445 3910 constitutiones
1468 3861 1541 3925 ques
1563 3843 1898 3924 dicunturapostolo·

269 3946 380 4007 batum
398 3943 441 4008 sit
470 3945 593 4008 crimen
613 3959 620 4016 ;
645 3960 719 4023 quas
743 3944 888 4022 probatio
925 3944 1059 4008 ordina·
1109 3965 1194 4024 rum,
1213 3946 1288 4010 lieet
1304 3953 1413 4009 sanctu
1432 3943 1587 4008 Clementi
1612 3943 1695 4008 laiso
1712 3945 1896 4024 adscriptas,

269 4044 319 4109 rie
345 4043 479 4110 nonnisi
506 4061 563 4122 per
583 4044 747 4124 judicium
777 4044 907 4126 proprie
922 4044 1056 4108 dictum.
1110 4065 1182 4113 esse
1198 4057 1303 4111 temen
1320 4053 1434 4129 quarto
1449 4045 1567 4109 seculo
1581 4046 1774 4122 anteriores,
1788 4047 1897 4128 eisque

311 4145 395 4223 Ergo
427 4155 493 4207 tum
524 4145 645 4207 directe
673 4162 713 4208 ex
743 4145 938 4224 quibusdam
963 4161 1061 4209 sacres
1110 4146 1250 4230 exprimi
1266 4147 1472 4225 disciplinam
1488 4155 1520 4210 et
1531 4155 1648 4211 statum
1664 4145 1897 4210 Ecclesiestunc

272 4246 442 4325 Scriptura
458 4245 613 4320 textibus,
631 4253 696 4308 tum
715 4245 872 4309 indirecta
891 4263 930 4309 es
948 4246 1060 4311 maritis
1090 4249 1266 4330 ,temporis
1283 4249 1494 4312 eminentem.
1516 4249 1585 4312 lam
1601 4265 1678 4312 uero
1701 4251 1811 4312 omnia
1834 4257 1896 4312 tum

272 4344 358 4418 aliis,
371 4345 498 4408 eruitur
513 4351 598 4408 certa
618 4352 648 4407 et
665 4337 795 4425 proprie
808 4346 890 4409 dicta
908 4346 1061 4410 Ecclesiae
1111 4347 1316 4422 essentialia,
1350 4355 1419 4410 tum
1457 4345 1666 4410 accidentalia
1702 4347 1897 4427 judiciorum

268 4441 440 4525 judiciaria
462 4451 602 4523 potestas
621 4453 688 4508 tum
704 4445 737 4508 in
768 4447 874 4509 causis
889 4446 1063 4510 criminali·
1113 4449 1242 4529 proprie
1264 4447 1424 4510 dictorum
1442 4445 1475 4509 in
1496 4443 1566 4509 iore
1590 4446 1744 4510 Ecclesiae
1765 4455 1895 4510 conten·

272 4547 334 4610 bus
350 4553 384 4607 nl
401 4552 483 4626 patet
499 4561 555 4626 per
572 4563 700 4611 cansam
713 4547 888 4610 incestuosi
899 4547 982 4626 apud
995 4547 1061 4610 Co·
1112 4547 1197 4610 tioso
1214 4553 1407 4621 memorant,
1426 4545 1680 4623 proscribuntet
1692 4545 1852 4626 regulant,
1868 4551 1898 4608 ul

271 4643 424 4720 riothios,
453 4653 519 4708 turn
549 4646 582 4707 in
602 4647 709 4709 causis
740 4663 827 4710 mare
847 4646 998 4709 ciuilibus
1026 4651 1062 4708 ut
1112 4648 1223 4711 ridere
1239 4652 1288 4710 esi
1304 4665 1344 4708 ex
1364 4646 1476 4708 multis
1490 4645 1633 4708 testibus
1652 4648 1692 4711 de
1712 4647 1797 4710 libro
1811 4663 1835 4708 n
1848 4663 1898 4708 er-

273 4758 425 4822 expresse
462 4745 597 4808 babetur
623 4745 655 4807 in
688 4745 701 4806 l
741 4744 814 4809 Cor.
843 4763 886 4808 ιι.
913 4747 993 4808 item
1020 4763 1060 4808 ex
1113 4749 1324 4828 cerplisell.
1346 4749 1462 4822 Bonis,
1479 4749 1520 4809 ile
1538 4747 1687 4830 judiciis,
1716 4765 1787 4830 pag.
1811 4747 1897 4810 diet

271 4843 388 4908 lisdem
415 4846 557 4909 testibus
580 4847 736 4926 probetur
767 4845 951 4926 hujusmodi
972 4854 1063 4928 pote·
1113 4867 1182 4930 seq.

272 4951 387 5007 statem
410 4943 611 5026 judiciariam
634 4945 785 5009 Ecclesite
812 4956 995 5026 competere
1022 4963 1063 5010 ex
1154 4957 1190 5019 Ιιι
1215 4953 1356 5018 coneilio
1383 4951 1514 5016 Nicoenn
1538 4949 1651 5014 Ariani
1665 4949 1813 5030 episcopi
1829 4965 1895 5014 cnm

273 5047 393 5109 virtute
410 5055 442 5109 ct
469 5047 792 5111 auctoritatcChristi
810 5056 840 5112 et
865 5065 1065 5128 consequen·
1114 5054 1262 5119 viderunt
1282 5052 1344 5116 sibi
1371 5052 1544 5115 imminere
1572 5067 1590 5114 a
1616 5053 1766 5114 Patribus
1797 5043 1896 5114 arsbo-

273 5149 322 5210 ter
336 5164 374 5210 ex
388 5151 460 5226 turs
479 5147 635 5210 nivinoet
651 5149 908 5228 independenter
921 5149 960 5212 an
973 5145 1063 5211 omni
1115 5156 1209 5219 duris
1237 5155 1561 5228 condemnationem,
1589 5151 1629 5214 nd
1655 5152 1896 5216 constantinum

274 5250 435 5328 permissu
458 5249 660 5310 scriniarium
683 5256 890 5325 potestatum.
1115 5256 1342 5334 imperatorem
1368 5269 1535 5318 recursum
1561 5252 1717 5326 habuere,
1733 5241 1897 5331 imperator

316 5349 468 5412 Probatur
484 5349 541 5420 iii,
556 5368 595 5412 ec
609 5359 760 5431 perpetuu
775 5349 947 5413 traditione
961 5357 989 5411 ct
1000 5351 1064 5413 Ec·
1115 5361 1222 5419 autem
1239 5353 1403 5432 supplices
1426 5351 1554 5416 libellos
1580 5351 1689 5430 legere
1705 5352 1824 5426 noluit,
1839 5355 1896 5414 imo

275 5449 375 5513 ttasic
386 5449 497 5530 pruni.
514 5483 552 5496 -
578 5451 647 5514 ianr
675 5451 737 5513 sub
758 5451 829 5530 ipso
843 5452 1063 5530 apiostolorum
1114 5453 1252 5516 flammis
1267 5453 1377 5534 injecit
1394 5473 1403 5515 s
1424 5451 1579 5515 rationem
1593 5452 1714 5515 addens
1728 5459 1897 5515 memorata

277 5551 434 5630 regimina
469 5551 610 5614 vidimus
647 5552 681 5613 in
720 5558 791 5614 antu
825 5552 1063 5614 conitentiosum
1117 5553 1259 5633 dignam,
1281 5570 1376 5634 quum
1406 5551 1501 5616 relert
1538 5551 1589 5614 bis
1623 5551 1732 5614 serbis
1769 5553 1896 5614 liulinns

276 5649 426 5712 Ecclesim
455 5650 571 5739 inrum.
602 5653 835 5730 preceptorum
852 5651 1063 5733 subjectionis
1119 5653 1216 5735 (ilist.
1247 5654 1354 5717 eccles.
1378 5652 1434 5716 lib.
1464 5671 1499 5728 ιι,
1514 5661 1591 5716 sect.
1610 5653 1723 5730 l,cap.
1749 5651 1897 5730 medius

271 5751 495 5834 jurisdictioni
516 5754 741 5834 episcoporum
765 5755 868 5833 plenis
883 5762 957 5818 sunt
975 5753 1064 5819 iiua-
1116 5772 1170 5817 ucs
1182 5755 1349 5817 constituit
1363 5753 1551 5824 sccardctes,
1571 5760 1602 5814 at
1612 5761 1801 5833 potestatem
1816 5751 1896 5813 codis

223 5902 230 5924 ,
277 5852 630 5938 reignatiillurtpris,
649 5855 1063 5960 quiriniounnisspoatcii
1119 5851 1897 5947 deditusuotisquepusiudicundiretedesncs
