4004 6458
298 351 351 424 'lli
813 347 928 414 tants
947 343 1129 409 GANONICI
1147 313 1412 408 coauaaalnll

299 488 373 538 uum
395 468 477 536 sorta
503 462 682 548 spiritualis
711 468 761 528 est
790 479 914 544 ergo.»
898 459 980 544 »lla
1005 459 1085 523 illd.
1142 459 1343 524 555-55555555
1362 455 1433 518 etri
1459 461 1490 516 et
1513 451 1656 516 5555555555
1679 460 1789 532 prater
1809 471 1897 520 serra.

300 575 414 654 5555.)
1139 559 1565 642 maalamcaajaaatioaam..
1570 553 1899 624 ‚ailtilolladessesisi
1972 609 1973 612 ,

340 675 381 740 ΙΙ.
397 673 507 736 Causa
535 665 783 732 matrimoniales
804 665 950 730 5555555555
973 679 1088 728 omncs
1141 671 1372 742 tarpemotqae
1388 659 1551 722 exitialem
1566 655 1814 724 concubinatum.
1827 659 1899 727 55555

1972 447 1973 518 5

1972 523 1973 560 5

1972 565 1973 596 5

300 765 859 850 55555555555555555555555555555
894 761 1089 830 ecclesiasti·
1141 761 1406 826 concludendum
1427 767 1476 823 est
1499 772 1741 822 aaasasomuas
1763 758 1900 824 55555555·

299 890 385 938 caua
402 873 462 934 Sed
479 872 520 934 ad
540 877 657 934 rectam
679 866 928 946 intelligentiam
957 883 1016 937 rer,
1035 863 1088 926 dr
1141 862 1245 926 nieles
1266 879 1340 925 assa
1363 859 1551 941 spirituales
1569 865 1600 922 et
1629 855 1861 923 ecclesiasticas.
1873 864 1902 924 lit
1972 899 1973 966 J

299 974 533 1056 stiugaendam
559 979 608 1034 est
628 986 702 1033 cam
729 968 905 1032 Benedicta
921 968 1009 1042 le
1042 966 1089 1026 lle
1142 963 1275 1044 plurima
1293 969 1441 1026 auctores
1456 976 1514 1041 qur
1530 958 1625 1022 aliter
1638 955 1760 1038 5555555
1781 959 1902 1033 555555

298 1097 369 1159 aaa.
386 1077 490 1150 diac,
502 1073 558 1137 555.
569 1089 643 1135 rxc.
653 1073 683 1148 3,
695 1072 758 1134 iai:
770 1069 1088 1149 «ariesuntqulppa
1141 1064 1286 1129 Ecclesia
1303 1063 1444 1128 damuati
1467 1059 1614 1124 luerunt.
1972 1083 1973 1162 J

299 1194 472 1243 laurearum
498 1174 784 1237 matrimonialium
807 1189 942 1252 ganeam
970 1170 1089 1251 aliquas
1182 1155 1902 1236 Coaeaaaometremoaioieeimproprialiaa

299 1286 470 1346 versantur
494 1273 662 1338 circaiuiti
679 1273 859 1354 coniugalis
883 1269 1013 1335 imdcris
1035 1268 1087 1331 dr·
1142 1284 1202 1331 seu
1226 1265 1311 1330 tertii
1337 1264 1469 1346 generis
1485 1278 1584 1342 supra
1607 1257 1860 1322 55555555555·
1838 1277 1903 1322 cua

300 1381 458 1456 mitatem,
474 1379 546 1443 55555
558 1378 718 1459 pertinent
738 1377 777 1438 ad
794 1391 858 1438 rem
873 1371 1094 1454 sponsalium,
1142 1385 1195 1432 res
1225 1383 1314 1430 mere
1342 1362 1548 1446 temporales,
1573 1360 1611 1424 ad
1640 1359 1747 1422 loram
1777 1359 1903 1424 55555555

300 1490 397 1562 etque
437 1480 477 1544 ad
504 1482 572 1558 jus
589 1476 785 1540 instituendi
822 1471 952 1536 divortii
983 1468 1090 1552 quoad
1139 1465 1364 1550 J'areproprio
1385 1465 1563 1546 pertinent.
1579 1461 1675 1538 Quia,
1700 1459 1744 1523 ait
1767 1457 1903 1522 Schuetz·

300 1582 470 1645 thorumet
486 1577 768 1645 cohabitationem,
779 1573 850 1637 alim
868 1575 999 1636 demum
1013 1576 1089 1634 suut
1143 1569 1294 1650 grauiter,
1311 1566 1373 1630 loc
1389 1565 1444 1630 555.
1464 1582 1497 1628 5.
1514 1563 1566 1639 53,
1583 1563 1650 1626 heac
1663 1559 1746 1622 nihil
1762 1557 1903 1636 spirituale

299 1699 491 1762 carrsasqum
522 1681 760 1744 connexionem
783 1677 926 1755 aliquam
956 1673 1088 1755 quidem
1142 1667 1322 1733 5555555555
1349 1670 1386 1730 Et
1412 1672 1537 1729 constat
1567 1681 1607 1725 cx
1638 1678 1708 1741 cap.
1739 1661 1903 1734 Coaean'l,

300 1783 419 1846 hebent
452 1799 525 1845 cam
555 1778 774 1850 matrimonio,
804 1791 919 1838 verum
951 1773 1090 1836 deiecta
1143 1771 1208 1848 Qui
1224 1770 1467 1850 Jlllieiatlepit.
1486 1766 1543 1830 555.
1558 1784 1588 1829 55
1610 1760 1769 1824 Decralal.
1792 1761 1904 1824 555555·

301 1882 430 1962 proprie
455 1878 717 1952 matrimoniales,
747 1893 806 1938 seu
822 1874 1018 1938 matrimonii
1035 1874 1089 1935 in·
1143 1873 1264 1936 xauder
1278 1873 1321 1935 555
1338 1869 1502 1950 episeopis
1518 1865 1688 1932 committit
1710 1863 1859 1943 judiciam
1875 1867 1904 1928 de

301 1979 458 2044 haerentes
491 1986 522 2042 et
543 1977 728 2040 intrinsecae
752 1990 817 2038 non
851 1983 940 2051 saut,
977 1989 1089 2036 aarum
1143 1964 1905 2050 releremetrlmonil,quastiorremveroaepes·

301 2081 503 2160 extrinsecus
520 2079 550 2140 55
570 2077 741 2151 55555555,
756 2083 788 2140 55
809 2093 861 2140 ros
889 2075 1037 2154 politicas
1057 2079 1092 2137 et
1144 2071 1349 2135 sessionibus
1365 2070 1419 2132 ad·
1409 2085 1531 2150 regem
1552 2065 1700 2130 remittit.

301 2195 389 2242 mere
416 2176 611 2256 temporales
633 2174 755 2238 directe
780 2184 877 2256 atque
903 2173 1090 2238 immediate
1182 2173 1278 2251 Quod
1291 2173 1474 2237 dictumest
1488 2171 1528 2234 de
1543 2168 1651 2232 causis
1672 2165 1802 2246 proprie
1816 2165 1905 2229 metri·

300 2277 492 2356 respiciant.
527 2276 721 2356 Hujasmodi
739 2283 815 2338 sunl
833 2275 1089 2352 eaustededole,
1144 2274 1345 2340 monialibus
1374 2272 1628 2352 intelligendum
1658 2273 1709 2331 est
1741 2275 1852 2330 tautum
1876 2270 1905 2329 5

300 2379 473 2440 donatione
483 2374 761 2454 propleruuptias,
777 2375 940 2438 alimentis
955 2374 1091 2438 etsimi·
1145 2373 1361 2438 matrimoniis
1376 2370 1541 2440 fideliume
1562 2384 1635 2430 nam
1656 2367 1692 2428 55
1709 2364 1812 2428 causis
1823 2365 1907 2426 matri·

300 2477 405 2541 libas
397 2476 871 2556 ,suthmreditatassamptus
906 2487 968 2539 alc.
992 2476 1091 2538 Porro
1145 2473 1542 2539 matrialihasinddeliam
1563 2469 1667 2550 judex
1688 2472 1907 2546 competeasesl

300 2574 1090 2656 5555555555555555555555555555555555553555·
1145 2573 1800 2657 5515555555555515555555555555555
1819 2567 1907 2631 matri·

300 2677 391 2740 ribus
411 2678 477 2740 duo
491 2676 598 2756 priora
615 2674 722 2738 solum
740 2691 814 2737 vere
826 2683 859 2736 et
874 2673 1003 2754 proprie
1021 2690 1089 2737 ma·
1145 2675 1254 2739 monia
1269 2682 1345 2738 saul
1361 2680 1485 2736 lantum
1502 2678 1687 2736 contractus
1708 2668 1837 2731 civilis:
1853 2667 1908 2727 hinc

300 2775 498 2841 trimonialia
518 2782 594 2838 sant
607 2793 666 2839 sou
681 2774 889 2838 matrimonio
903 2773 1090 2850 intrinseca,
1144 2777 1310 2858 princeps,
1325 2777 1360 2840 in
1375 2777 1471 2857 quas
1485 2775 1719 2857 jurisdictione
1739 2770 1906 2842 consistunt,

299 2876 446 2956 adeoque
460 2877 499 2938 ad
513 2875 884 2939 lorumecclesiasticam
900 2877 1089 2955 spectantia,
1144 2879 1229 2943 sicut
1243 2878 1320 2942 aliis
1333 2877 1549 2942 contractibus
1565 2876 1772 2939 subdituram
1786 2889 1906 2944 suorum,

300 2978 436 3042 tertiam
465 2978 734 3041 aerosecandam
751 2977 830 3057 quid
845 2985 967 3039 tentum
983 2977 1093 3040 etim·
1143 2981 1188 3045 ita
1207 2989 1239 3045 et
1255 2980 1470 3044 matrimoniis
1488 2979 1670 3042 infidelium
1687 2977 1752 3040 sibi
1770 2975 1907 3054 subjecto·

301 3094 532 3158 proprie,qa1a
550 3077 581 3141 55
597 3077 937 3142 tantamaxtrinsaoas
954 3077 1089 3153 accedil,
1143 3098 1216 3144 ram
1241 3079 1329 3161 leges
1349 3079 1477 3153 55555,
1468 3079 1577 3159 risque
1595 3075 1833 3155 ‚impedimenta
1856 3082 1906 3134 555

300 3178 390 3240 unde
420 3177 491 3240 iuro
506 3176 656 3240 55555555
682 3175 869 3252 dimittitur,
895 3185 929 3239 55
944 3195 1085 3242 excom
1144 3180 1341 3256 dirimentis,
1378 3187 1447 3244 tum
1477 3177 1692 3258 impedientia
1727 3182 1827 3257 potest
1858 3183 1907 3237 sta·

301 3279 391 3341 mani
419 3279 590 3342 docturum
619 3295 734 3354 sarisa,
765 3277 810 3339 ait
838 3277 958 3342 Benad.
995 3279 1082 3354 xlv,
1143 3291 1248 3347 luera.
1263 3283 1512 3364 elscuuaazea.
1530 3280 1779 3364 DeJ'adiciie,n.
1791 3278 1848 3358 53.)

300 3377 441 3442 1555555.
456 3386 541 3442 55555
557 3379 673 3444 555555
684 3378 834 3441 5555555555
839 3381 1043 3456 ,55555555
1058 3388 1089 3445 55
1182 3384 1294 3460 Quoad
1312 3400 1389 3448 varo
1416 3382 1657 3446 matrimonium
1681 3383 1833 3454 fidelium,
1853 3387 1906 3442 aut

299 3479 504 3543 Scuuaxzaa.
522 3478 584 3544 loc.
601 3479 668 3543 cil
687 3497 720 3542 a.
736 3481 776 3543 53
793 3483 888 3545 ellit
1143 3483 1906 3566 eaqumJureecclesrastrcodehocstetutasuut

337 3579 1088 3660 igituromniaaumsacrementalecontractum
1142 3585 1368 3660 observantur,
1394 3601 1509 3663 cogere
1538 3581 1689 3645 subditos
1714 3598 1793 3645 suos
1812 3583 1906 3661 megis-

297 3680 480 3760 respiaiaut
501 3681 541 3743 ad
565 3681 671 3744 lorum
699 3681 956 3747 ecclesiasticum
976 3685 1090 3748 exclu·
1143 3691 1243 3748 tratas
1256 3681 1531 3748 etiumsaecularis
1548 3699 1657 3762 paenas
1675 3683 1849 3762 infligendo
1866 3698 1907 3760 po

297 3776 366 3842 sisa
387 3779 560 3859 pertinent.
581 3783 621 3843 Et
648 3789 697 3843 ast
718 3781 759 3844 de
778 3782 840 3846 ilde
854 3800 890 3846 ae
906 3801 962 3861 per
976 3801 1088 3848 55555
1142 3793 1219 3861 testJ
1252 3786 1329 3867 quia
1354 3787 1469 3865 jurare
1499 3791 1637 3862 uterque
1671 3784 1864 3862 magistratus
1882 3799 1906 3843 se

295 3877 378 3941 lium
394 3879 623 3942 Trrdentrnum
645 3881 816 3944 delinitam
831 3899 913 3946 sess
935 3885 992 3958 at,
1015 3903 1086 3950 carr.
1140 3901 1282 3949 rurrcera
1299 3885 1407 3960 debet,
1421 3893 1456 3947 ul
1471 3883 1557 3947 salva
1572 3882 1639 3946 srut
1657 3882 1906 3962 utriusqusJure.

297 3979 356 4041 12:
369 3979 414 4041 Se
406 3997 486 4058 aare
498 3979 620 4042 deceret
631 3999 743 4042 aeaeae
759 3982 1006 4046 matrimoniales
1024 4005 1088 4048 aaa
1181 3983 1696 4064 alithiuajudexsaecalarist0
1713 3990 1814 4062 potest
1832 3997 1907 4062 spor·

295 4087 440 4158 spectare
467 4079 640 4160 adjudicas
661 4079 902 4160 aeclesiasticas,
923 4087 1087 4148 5555555555
1140 4103 1206 4160 sos,
1226 4086 1403 4167 dequibus
1427 4095 1551 4150 constat
1575 4085 1664 4164 quod
1681 4075 1787 4147 aalide
1803 4091 1905 4146 coatra-

296 4180 351 4243 eit.
366 4181 464 4244 Porro
491 4183 568 4246 Pius
594 4183 665 4246 Vl
657 4201 692 4246 55
719 4185 812 4247 55555
839 4185 1021 4264 dogmatico
1047 4189 1088 4252 ad
1139 4188 1425 4271 xeriutspousalia
1450 4187 1645 4267 compellere
1668 4187 1710 4250 ad
1735 4186 1901 4250 contrahen-

296 4280 488 4361 episuopum
505 4283 724 4347 Motalensem
750 4287 899 4366 reprobat
917 4287 1015 4353 salsas
1032 4307 1086 4354 ca·
1139 4291 1217 4352 dam
1237 4288 1493 4352 matrimonium.
1512 4289 1596 4350 -2
1616 4291 1726 4351 Potest
1742 4288 1904 4368 conJ'ugeu,

296 4383 394 4448 ironis
412 4383 596 4447 Tridentini
614 4385 916 4466 interpretationes,
935 4397 966 4452 55
981 4392 1087 4455 decla·
1139 4408 1212 4472 qaae
1232 4398 1303 4470 post
1321 4397 1518 4454 contractum
1546 4390 1791 4454 matrimonium
1815 4405 1906 4452 acea·

295 4492 343 4548 rat
369 4501 526 4548 canonem
556 4487 689 4551 155555
715 4488 966 4569 intelligendum
991 4495 1085 4572 quasi
1134 4491 1214 4573 juge
1238 4508 1299 4555 sua
1325 4491 1469 4564 divertit,
1502 4507 1630 4572 cogare,
1653 4498 1690 4553 ul
1715 4491 1755 4555 ad
1781 4491 1905 4554 errmdeur

296 4601 450 4665 expresse
480 4585 613 4649 haberet
644 4603 756 4650 aeaeae
787 4606 893 4650 amaea
918 4593 1084 4654 matrinae·
1138 4593 1259 4663 redeat,
1277 4591 1342 4654 nisi
1357 4599 1499 4671 apponat
1513 4591 1743 4671 exceptionem
1760 4589 1904 4658 nullitate,

294 4684 395 4744 relatae
409 4693 551 4763 spectare
563 4686 604 4748 ad
615 4687 699 4748 solae
703 4686 830 4768 Jadscee
843 4686 1082 4761 55555555555555
1137 4693 1188 4756 rel
1212 4709 1341 4757 causam
1369 4694 1547 4774 legitimam
1570 4693 1716 4758 faciendi
1740 4693 1904 4758 diuortium.

294 4783 334 4846 Et
345 4784 556 4847 ,confirmavit
581 4787 658 4850 aius
675 4787 756 4850 lx
746 4804 782 4850 55
806 4804 864 4850 sua
888 4789 1084 4858 allocutione
1138 4827 1176 4840 -
1190 4795 1221 4856 3·
1239 4797 1346 4858 Potest
1368 4813 1438 4870 aas,
1462 4796 1523 4876 qui
1539 4797 1780 4861 matrimonium
1797 4797 1905 4859 claude·

294 4883 527 4957 consistoriali,
548 4887 589 4948 2⁸1
608 4887 805 4968 Septembris
821 4892 923 4956 lasa
914 4896 1058 4959 inserta
1049 4914 1083 4960 rn
1138 4895 1237 4972 stine,
1265 4904 1296 4959 et
1321 4913 1378 4976 per
1401 4912 1608 4978 consequens
1633 4897 1778 4960 invalide
1799 4904 1904 4960 contre·

294 4981 511 5064 publicatione
530 4985 693 5065 periodica
716 4987 745 5051 la
775 4989 891 5054 Ciciltd
912 4995 1082 5073 cattaliea,
1137 5004 1266 5072 xerunt,
1295 4997 1323 5062 si
1352 5005 1478 5063 constet
1504 5000 1717 5075 contraxisse,
1747 4999 1904 5078 punire·-

294 5101 326 5146 n.
348 5085 399 5158 62,
425 5103 478 5148 uu.
503 5085 533 5161 3,
559 5094 636 5150 tom.
657 5087 697 5163 tl,
715 5087 926 5156 hisrerbis:
950 5097 1082 5161 omuino
1137 5099 1291 5164 taetra
1305 5100 1489 5164 adulterum
1508 5117 1625 5180 555555
1641 5118 1705 5164 555
1725 5107 1905 5180 555555555-

291 5193 433 5264 spectare
465 5183 506 5245 ad
533 5185 682 5248 Ecclesia
711 5198 896 5268 potestatem
920 5213 955 5255 ea
980 5199 1084 5259 amula
1137 5201 1373 5282 nasangainis,
1392 5204 1432 5265 de
1450 5211 1655 5282 quaeerlam
1685 5210 1747 5276 est,
1761 5219 1828 5264 cum
1849 5216 1903 5261 5555

294 5285 1081 5374 deeeraarcpaoeadidmatrimoniamqaoeiemuda
1132 5303 1234 5384 judex
1265 5303 1506 5366 ecclesiasticus
1538 5319 1603 5367 non
1636 5305 1739 5384 possit
1763 5301 1902 5380 infligere,

290 5391 618 5469 poseaatpertlaerc
648 5393 686 5454 Et
709 5410 824 5456 rursus
840 5394 988 5459 ibidem
1004 5398 1083 5462 Cam
1136 5403 1193 5464 scd
1217 5403 1393 5466 etiamalio
1414 5403 1606 5481 5555555555,
1630 5405 1706 5484 quia
1730 5397 1930 5466 adulterium

289 5505 377 5552 acmo
397 5509 437 5551 ea
452 5491 617 5556 catholicis
633 5494 759 5572 iaceret
772 5497 856 5556 aal
843 5512 992 5572 5555555555
1007 5517 1082 5579 pos·
1137 5516 1187 5567 est
1203 5506 1326 5568 crimen
1352 5505 1440 5568 misti
1461 5505 1562 5570 fori...
1585 5529 1600 5566 5
1617 5507 1674 5589 (55.
1692 5505 1784 5587 ibid.)

289 5590 372 5652 sil...
402 5591 488 5652 later
522 5591 628 5672 5555555
660 5596 897 5658 matrimonium
924 5595 997 5662 dari
1017 5619 1082 5663 55555
1178 5605 1230 5670 tll.
1258 5605 1370 5669 Causa
1392 5611 1581 5689 temperatae
1608 5609 1829 5690 spiritualibus
1854 5623 1903 5665 aa·

291 5693 484 5771 pensares
495 5711 559 5755 aaa
579 5693 743 5776 eodemque
758 5705 896 5778 tempere
909 5701 953 5763 eit
969 5721 1079 5764 saera·
1135 5725 1236 5783 aesc,
1246 5715 1283 5772 ut
1296 5708 1416 5772 dictam
1433 5717 1482 5773 est
1492 5727 1603 5791 supra,
1615 5711 1652 5773 ad
1661 5709 1802 5790 jadicem
1817 5709 1902 5770 ercle·

289 5799 444 5863 arulam:
461 5803 554 5876 mque
577 5795 1080 5880 idcirecqaemlilatcltamiater
1136 5803 1305 5872 siasticum
1328 5814 1485 5888 spactant.
1511 5807 1654 5892 ideoque
1676 5824 1788 5873 omnes
1814 5818 1901 5870 caasa
