4046 6460
127 427 180 490 χοι
339 411 1102 482 pansus.unnenscare-uerutus
1124 415 1407 492 nnauunnrnus,
1430 417 1510 481 nac.
1612 389 1614 394 ’
1691 419 1747 482 sio

126 545 173 600 tar
199 535 397 612 derogasset,
414 532 646 595 dubitationem
676 549 803 595 omnem
831 548 906 592 sus·
965 530 1081 592 dereri.
1100 552 1116 588 s
1134 530 1239 610 (Apud
1268 533 1414 595 Fennan.
1440 533 1750 616 verbdpprobatin.

127 637 199 700 tulit
214 635 342 698 constit.
363 633 441 696 Cum
456 633 538 695 sicut
565 632 683 695 Urbani
698 634 783 707 Vlll,
802 633 908 694 lee·
962 635 1022 691 art.
1042 630 1070 705 1,
1086 628 1118 692 in
1136 637 1212 693 nota
1229 629 1268 692 sd
1285 648 1318 693 n.
1333 631 1395 711 62.)

128 732 815 817 ptcmbrisfdffl:Quapropterbiscsnostris
832 741 908 791 tcm-
964 763 1035 837 §wa
1057 795 1093 806 -
1120 767 1159 822 De
1180 776 1315 838 potestate
1340 770 1507 842 regularium
1531 787 1581 843 pm
1600 773 1752 830 contessio-

124 838 256 917 poribus
282 834 405 897 nuiirun
429 834 591 914 reperitur
616 833 820 912 privilegium
849 849 909 911 quo
997 835 1753 918 nibnsregulariumetdependentiumabeorumsnpe·

127 938 283 1018 segniores
307 937 430 1015 possint
455 936 567 997 audire
588 935 796 1016 consessiones
815 951 912 994 scaco-
1000 906 1129 962 ''⁰¹¹bus’

100 1015 109 1094 5.
128 1042 240 1102 larium
255 1059 291 1102 oc
305 1057 355 1100 sos
370 1038 668 1119 theoloneumque
682 1037 912 1117 approbatione
1003 1021 1029 1083 ¹·
1049 1021 1224 1100 Regulam
1246 1039 1302 1100 pro
1327 1023 1586 1090 ⁰0¹lf0881'0ssib118
1617 1045 1752 1090 suorum

128 1145 278 1224 episcopi,
304 1159 341 1204 oc
354 1143 471 1221 prucis
485 1142 639 1216 examine,
655 1141 684 1204 si
697 1138 770 1203 ilios
788 1139 910 1219 spisco—
964 1119 1161 1199 lflssuffliium
1177 1138 1241 1185 ¹¹⁰⁰
1263 1122 1413 1206 indigem
1432 1127 1661 1207 flfltffiblfiffifl
1679 1131 1753 1210 epi·

126 1267 184 1328 μα,
200 1247 381 1309 mmm„
397 1244 545 1308 ,opum-3·
963 1223 1065 1301 scopi,
1082 1223 1138 1284 sed
1158 1221 1261 1285 solum
1276 1224 1327 1286 sui
1344 1225 1465 1305 prelati
1494 1229 1664 1308 regularis,
1677 1233 1753 1312 quia

964 1339 1003 1384 ex
1026 1323 1228 1402 quesnellii
1246 1327 1409 1406 regulares
1440 1329 1578 1394 habeant
1599 1331 1756 1413 jurisdic-

171 1429 321 1508 lgiturex
338 1433 408 1506 post
417 1426 592 1491 concilium
607 1427 839 1510 Tridentinum
859 1427 913 1507 ju·

128 1528 271 1592 risdictio
287 1527 483 1607 regularium
497 1528 603 1608 quoad
614 1526 818 1590 saecularium
833 1543 912 1591 con·

127 1629 287 1693 sessiones
301 1629 446 1692 exerceri
471 1631 585 1708 nequit
604 1627 668 1693 nisi
684 1629 914 1710 approbatione

964 1421 1086 1485 tionem
1102 1425 1195 1503 quasi
1212 1427 1428 1507 episcopalem
1446 1429 1479 1492 in
1495 1446 1573 1493 suos
1592 1430 1754 1507 subditos,

965 1525 1118 1602 competit
1144 1527 1191 1588 eis
1221 1525 1288 1618 hec
1321 1527 1456 1592 facultas
1489 1530 1689 1610 approbandi
1713 1534 1753 1596 ed

966 1623 1187 1690 confessiones
1213 1645 1230 1690 a
1262 1627 1336 1708 jure
1357 1631 1575 1712 communi-et
1607 1631 1755 1710 antiquo,

127 1728 266 1809 episcopi
280 1728 719 1803 obtentn3sednihilonrinns
742 1729 915 1810 haecregu-
967 1743 1027 1789 nac
1042 1727 1089 1788 eis
1119 1737 1167 1791 est
1191 1736 1372 1792 revocatas
1397 1730 1536 1793 concilio
1551 1731 1755 1807 Tridentino,

128 1829 916 1910 lariumjurisdictionequitprolibitnordiuario·
967 1845 1048 1890 sess.
1063 1829 1114 1903 23,
1135 1845 1202 1909 oapi.
1218 1830 1249 1892 2.
1265 1829 1348 1904 Quis
1361 1829 1405 1891 ibi
1422 1829 1455 1894 fit
1469 1831 1576 1893 solum
1591 1847 1699 1894 sermo
1716 1833 1756 1895 de

128 1947 194 1994 rum
215 1930 359 2005 linsilari,
382 1931 915 2010 atverojudiciumepiscopicerlis
967 1927 1171 1992 confessariis
1186 1930 1400 2007 secularium,
1417 1939 1451 1993 ut
1477 1931 1593 2012 legenti
1614 1941 1708 2012 patet,
1726 1943 1758 1998 et

128 2033 244 2111 regulis
271 2032 460 2112 astringitur
492 2040 524 2094 et
561 2033 641 2095 ratio
664 2051 704 2095 ex
738 2032 913 2109 Confectio,
967 2047 1119 2108 expresse
1140 2030 1328 2093 babeturex
1344 2031 1473 2094 decreto
1493 2033 1668 2096 Clementis
1683 2037 1758 2102 vtll

127 2137 336 2198 insummar.
366 2132 515 2214 privileg.
548 2133 653 2196 ordin.
699 2135 913 2207 nendicans,
967 2129 1759 2214 editosellali1593,ubislcprecipitipsisrs-

129 2233 260 2307 titani,
280 2249 349 2314 rap.
366 2232 396 2308 b,
412 2234 916 2314 liecest,quia,acumregrrlnris
967 2230 1134 2308 galeribus
1160 2231 1298 2310 praelatis
1322 2253 1329 2294 :
1355 2233 1544 2312 Superiores
1563 2235 1599 2297 in
1623 2235 1758 2317 singuiis

128 2335 165 2398 ab
180 2333 335 2414 episcopo
350 2336 483 2397 omnino
502 2343 682 2415 exemptus
699 2342 729 2398 et
750 2336 819 2398 sedi
836 2354 915 2416 apo·
968 2329 1109 2392 domibus
1127 2329 1278 2408 deputent
1296 2332 1386 2405 duos,
1404 2341 1469 2394 tras
1484 2342 1540 2395 cot
1552 2333 1660 2413 piures
1680 2355 1757 2399 ron-

130 2433 248 2497 stolicae
273 2435 460 2499 immediate
476 2435 640 2515 subjectus
666 2437 813 2512 exsistat,
828 2437 918 2500 nulla
967 2429 1117 2507 setrartbr
1140 2447 1199 2510 pro
1217 2432 1416 2495 sudditorum
1434 2452 1561 2496 numus
1580 2436 1759 2518 majoriani

130 2549 183 2610 per
208 2532 315 2611 ipsius
345 2531 489 2611 episcopi
529 2533 791 2611 approbationem
815 2536 918 2616 juris·
967 2531 1095 2604 utiensi,
1113 2533 1196 2610 iique
1221 2533 1287 2595 sint
1303 2531 1399 2607 docti,
1412 2534 1585 2612 prudentes
1601 2555 1637 2598 ac
1654 2539 1758 2600 cbari-

129 2631 279 2695 diclionis
311 2641 451 2712 potestus
478 2633 508 2695 ei
535 2633 702 2697 tribuitur.
735 2636 796 2698 Sed
829 2635 916 2698 iilam
968 2639 1031 2694 tote
1056 2632 1377 2714 prediti,qniouon
1397 2637 1634 2698 reserastiscos
1655 2637 1759 2702 absol·

130 2733 335 2812 approbatus,
364 2735 468 2796 statim
485 2735 525 2798 ab
552 2735 622 2815 ipsa
649 2744 756 2800 saneta
784 2739 865 2802 Sede
887 2747 918 2802 et
968 2741 1063 2808 ocni,
1081 2742 1110 2794 ct
1124 2735 1237 2814 quidus
1249 2737 1341 2797 ctiam
1355 2749 1585 2800 ressrcutorum
1601 2739 1758 2804 absolutio

130 2849 253 2894 summo
272 2833 423 2910 porrtifice
442 2853 498 2912 per
517 2835 688 2915 privilegia
703 2829 827 2901 ordin'is
842 2857 918 2903 con·
969 2834 1196 2908 committatur,
1220 2835 1343 2915 quando
1368 2856 1459 2899 casus
1489 2841 1679 2912 occurrerit,
1697 2849 1758 2903 etc.

131 2947 215 2994 cessa
248 2932 436 2995 immediate
461 2935 685 3015 consequitur,
704 2954 767 3015 qua
785 2939 916 3017 quidem
969 2933 1063 3005 0⁰0d
1091 2932 1256 2997 decretum
1279 2932 1342 2998 suit
1367 2936 1463 2998 eliam
1479 2939 1701 3002 confirmatum
1720 2941 1761 3004 ab

128 3028 354 3109 jurisdictione
367 3047 588 3110 personaenon
609 3035 715 3097 solum
732 3035 823 3098 illius
839 3037 918 3100 civi·
970 3033 1097 3097 Urbano
1130 3035 1214 3108 vlll,
1248 3052 1306 3114 per
1339 3037 1503 3101 decretum
1545 3056 1627 3103 saer.
1649 3057 1759 3121 congr.

133 3134 201 3196 tatis
224 3141 254 3196 et
271 3133 434 3209 dioecesis,
454 3134 487 3197 in
516 3152 578 3214 qua
603 3139 839 3216 approbantur3
861 3140 918 3203 sed
971 3135 1093 3199 Concil.
1130 3136 1183 3199 die
1212 3137 1251 3198 nt
1277 3139 1455 3217 septembr.
1488 3138 1585 3216 lost,
1612 3141 1762 3205 addendo

135 3233 224 3296 etiam
250 3234 400 3297 forenses
428 3243 459 3297 et
473 3235 607 3298 aliarum
624 3223 812 3302 dioecesium
832 3241 866 3304 in
883 3259 919 3304 es
971 3235 1057 3314 quod
1073 3236 1222 3315 sequitur
1238 3258 1246 3298 s
1261 3238 1420 3300 Sanctitas
1435 3257 1493 3301 sua
1501 3239 1646 3322 deinceps
1660 3241 1762 3306 decio·

134 3335 253 3398 adillos
270 3337 472 3399 conduentes
498 3337 546 3400 eis
572 3338 606 3400 in
630 3338 701 3402 foro
725 3342 920 3420 poenitenliae
970 3335 1104 3398 recitat
1130 3337 1159 3400 si
1179 3338 1358 3418 hujusmodi
1385 3341 1578 3420 reputacione
1606 3346 1762 3421 contessa·

134 3435 365 3516 subjiciuntur,
380 3435 520 3516 illasque
534 3438 648 3502 audire
664 3439 769 3503 valent
781 3441 919 3523 ubique;
971 3436 1030 3498 riis
1046 3455 1136 3498 casus
1166 3437 1302 3520 aiicujus
1326 3441 1479 3504 reservati
1496 3443 1680 3524 [multatus
1703 3464 1761 3525 pc-

135 3534 197 3598 hec
223 3545 332 3600 autem
357 3536 562 3617 jurisdicti0,
590 3555 662 3600 cum
690 3540 732 3603 ob
754 3541 921 3606 decretum
973 3537 1120 3612 tentibus,
1150 3539 1299 3618 superior
1333 3539 1408 3601 darc
1445 3542 1604 3619 notuerit,
1638 3544 1763 3624 possint

136 3637 407 3701 concilTrident.
435 3637 517 3716 ipsis
544 3640 746 3718 regularibus
764 3659 921 3720 suspensa
971 3635 1179 3699 nibilominus
1202 3643 1390 3720 confessarii
1409 3644 1467 3706 illa
1486 3646 1553 3706 cicc
1577 3648 1761 3724 prenitentes

137 3738 186 3812 sil,
205 3737 312 3800 donec
330 3737 537 3817 abepiscopo
557 3739 646 3817 prius
665 3743 850 3816 examinati,
866 3761 921 3824 sp.
971 3738 1146 3814 reputares,
1173 3741 1266 3802 stiunt
1296 3759 1361 3804 nors
1397 3743 1523 3806 obtento
1549 3764 1569 3806 a
1597 3746 1762 3825 superiore

138 3839 323 3916 probentur,
339 3845 392 3899 aut
406 3838 485 3900 alias
503 3839 613 3902 idonei
629 3840 668 3901 ab
683 3858 720 3903 eo
730 3842 923 3921 iudicabun·
972 3836 1135 3914 facultate,
1152 3837 1322 3901 ablfllvtrt·
1470 3845 1471 3848 ’

138 3947 197 4014 tur,
211 3948 291 4002 tunc
316 3949 424 4002 secuta
440 3941 522 4002 dicta
540 3942 771 4020 approbatione
783 3944 847 4024 jam
873 3945 921 4008 eis
1014 3937 1055 3998 il.
1066 3936 1263 4000 Confessarii
1274 3940 1437 4019 approbati
1456 3957 1512 4019 pro
1525 3939 1679 4005 fratribus
1693 3941 1762 4006 sire

135 4039 371 4119 jurisdictionis
395 4038 546 4101 attributa
562 4049 702 4118 potestas
718 4040 890 4105 relaxatur.
907 4067 922 4100 s
974 4053 1126 4115 expressa
1143 4037 1330 4102 exclusione
1347 4041 1542 4104 novitisrum
1560 4048 1695 4120 possunt
1712 4059 1764 4106 ra-

139 4139 549 4223 Conflrmaturgauctoritate
567 4157 646 4202 sacr.
664 4141 780 4220 congr.
800 4143 923 4206 concil,
976 4135 1040 4200 lide
1056 4137 1324 4200 absolverectiam
1339 4137 1428 4217 ipsos
1445 4127 1624 4204 novitios...
1636 4148 1667 4205 et
1685 4143 1763 4207 dicti

138 4255 207 4319 quse
223 4240 261 4300 ad
278 4239 458 4300 seeundum
475 4237 625 4310 dubium,
641 4239 810 4302 occasione
828 4240 925 4306 bullas
977 4234 1090 4296 novitii
1109 4234 1230 4314 absque
1257 4234 1387 4298 licentia
1417 4237 1621 4315 prelatorum
1639 4239 1765 4303 ordinis

139 4342 270 4419 Gregor.
287 4341 357 4412 XV,
378 4339 597 4412 inscrutabili,
616 4339 702 4401 inter
721 4338 785 4402 alia
805 4359 923 4422 propo·
978 4341 1113 4415 possunt
1128 4334 1233 4398 valide
1248 4337 1390 4398 confiteri
1404 4337 1573 4400 etebsoiri
1586 4355 1603 4400 a
1615 4341 1763 4417 peccatis,

139 4441 233 4503 silurn
256 4438 320 4502 sub
338 4438 389 4501 bis
407 4439 553 4501 terminis
571 4461 579 4500 ι
595 4461 609 4495 ι
626 4440 674 4501 An
693 4439 837 4520 episcopi
854 4459 926 4521 pos-

140 4541 202 4602 sint
221 4537 428 4622 regulaiibus
458 4539 662 4619 prescribere
689 4545 722 4601 ul
748 4540 927 4604 certistan-

141 4652 206 4706 tum
233 4643 267 4704 in
292 4641 372 4704 locis
400 4657 436 4702 aa
461 4638 671 4718 temporibus,
688 4646 741 4701 aut
768 4647 927 4704 certarum

142 4757 351 4818 personarum
380 4737 602 4802 confessiones
618 4739 760 4814 audiant,
776 4741 825 4804 rel
849 4741 927 4804 alins

143 4855 254 4902 sorum
277 4839 445 4919 privilegia
462 4838 654 4917 restringere
669 4855 705 4900 ec
720 4841 876 4904 moderari
892 4841 927 4904 in

142 4940 345 5003 sacramentis
361 4939 644 5002 administrandis?
661 4960 677 4994 a
700 4941 796 5001 Proui
820 4942 928 5022 sequi·

144 5050 194 5103 tur
216 5041 383 5120 respondit
404 5061 411 5100 :
431 5063 445 5097 s
465 5042 532 5102 Hae
554 5039 587 5100 in
607 5045 695 5118 parte
724 5040 928 5103 constitutio·

145 5159 216 5204 nem
249 5142 330 5204 nihil
356 5141 432 5204 nori
452 5140 537 5220 jnris
556 5139 737 5212 induxisse,
755 5157 813 5202 nee
828 5140 928 5204 ullam

146 5257 259 5303 noram
276 5241 498 5305 auctoritatem
525 5239 688 5320 episeopis
712 5240 747 5302 in
763 5243 928 5321 regulares

145 5341 343 5412 attribuisse,
360 5342 499 5422 ideoque
514 5341 548 5403 in
567 5341 631 5402 rim
649 5338 753 5418 ipsius
768 5341 926 5404 eonstitu-

147 5437 244 5500 lionis
261 5457 325 5503 non
341 5456 435 5518 posse
451 5439 620 5519 episcopos
634 5439 836 5519 regularibus
850 5457 929 5519 praa-

978 4437 1074 4499 etiam
1087 4437 1123 4499 in
1144 4437 1304 4515 religione
1318 4437 1491 4500 reservatis
1513 4453 1568 4514 per
1583 4455 1764 4517 quemcun-

977 4552 1044 4615 que
1061 4535 1292 4598 confessarium
1310 4535 1349 4598 ab
1373 4535 1539 4599 ordinario
1555 4552 1612 4614 pro
1632 4535 1765 4601 saecula·

977 4633 1068 4696 ribus
1083 4633 1304 4714 approbatum.
1321 4657 1337 4690 s

1018 4737 1074 4798 lll.
1091 4759 1106 4792 ι
1125 4735 1301 4816 Regulares
1318 4733 1520 4810 itinerantes,
1543 4750 1600 4796 seu
1620 4739 1767 4814 tempore

979 4834 1194 4909 concionum,
1221 4833 1269 4896 rel
1299 4833 1433 4896 alterins
1459 4833 1653 4910 occasionis,
1679 4845 1766 4899 extra

980 4942 1177 4998 conventum
1191 4933 1402 5008 exsistentes,
1419 4950 1478 4997 nec
1492 4933 1618 5010 copiam
1636 4935 1764 4998 confes·

979 5036 1055 5100 sarii
1078 5035 1245 5116 approbati
1261 5034 1398 5114 proprias
1411 5036 1581 5117 religionis
1599 5035 1766 5111 babentes,

982 5144 1116 5217 possunt
1143 5134 1288 5200 confiteri
1315 5134 1450 5199 cuilibet
1468 5134 1681 5212 confessario,
1697 5136 1766 5200 sire

979 5238 1136 5318 regulari,
1164 5237 1233 5300 sire
1262 5235 1408 5300 seculari
1434 5253 1475 5300 ex
1507 5237 1679 5298 innocent.
1708 5236 1765 5297 Vll

980 5344 1082 5400 const.
1094 5335 1245 5398 Processit
1261 5352 1301 5397 es
1314 5342 1425 5396 cestre
1446 5333 1623 5399 devotionis
1637 5333 1765 5416 affectu,

980 5445 1011 5500 et
1031 5435 1140 5498 multis
1161 5433 1235 5497 aliis
1260 5433 1432 5513 pontificiis
1460 5435 1766 5509 constitutionibus;

147 5536 283 5601 scribere
307 5546 340 5600 ut
361 5541 456 5602 certis
474 5545 598 5603 tantum
610 5539 642 5602 in
656 5540 735 5604 locis
749 5558 783 5603 ac
805 5548 927 5621 tempo·
981 5535 1156 5602 dummodo
1169 5541 1274 5598 tamen
1291 5533 1375 5596 dicti·
1390 5532 1578 5597 confessarii
1593 5533 1657 5598 sint
1671 5535 1768 5599 abor·

148 5635 248 5710 ribus,
263 5655 299 5700 nc
314 5646 470 5701 certarum
483 5654 691 5717 personarum
707 5637 929 5703 confessiones
980 5637 1107 5702 dinario
1124 5633 1307 5716 approbati,
1325 5649 1399 5695 nam
1414 5649 1494 5697 sacr.
1514 5649 1624 5714 eorrgr.
1643 5633 1765 5698 Concil.

148 5735 288 5811 sudiant,
301 5736 350 5800 vel
362 5737 440 5802 alias
455 5737 587 5802 illorum
602 5737 770 5820 privilegia
783 5739 815 5802 in
828 5755 930 5804 sacra·
981 5737 1207 5804 confessiones
1239 5734 1450 5815 regularium,
1468 5733 1527 5816 qrri
1545 5733 1768 5815 presbyterum

151 5835 266 5914 mentis
296 5835 556 5902 administrandis
577 5837 771 5917 restringere
793 5845 849 5902 aut
862 5855 929 5902 mo·
982 5853 1045 5902 non
1066 5832 1329 5918 approbatumab
1343 5831 1579 5900 ordinariosibi
1594 5831 1628 5900 in
1643 5831 1771 5899 confes-
