4046 6460
89 371 133 436 tlt
288 362 384 430 PARS
402 363 460 426 ill.
481 363 531 426 llll
547 361 742 430 Pnttsome
763 383 799 400 ··
811 357 885 421 niu.
905 357 990 425 Vlll.
1009 363 1058 424 un
1074 349 1363 436 emeramnus
1382 359 1462 423 ETC.
1627 360 1681 426 ttt

87 474 545 558 tlt-ltedtrcptsnontetiuu
558 475 720 557 »orinatum
739 477 767 530 et
786 487 851 546 pro
906 473 1085 538 incurritur
1119 491 1127 538 :
1167 475 1302 556 ipseque
1347 470 1498 556 superior
1533 481 1587 539 aut
1628 477 1694 557 epi·

270 544 415 601 f⁶⁵⁸¹⁰¹¹⁰¹¹¹
437 546 659 617 ‘esmfflfflubffi'
905 588 1023 658 scopus
1055 578 1114 659 qni
1149 577 1366 658 receptionem
1402 575 1518 657 puellte
1556 579 1692 658 permit-

122 681 145 744 t.
162 674 279 751 lindie,
298 673 419 752 absque
437 675 565 741 indulto
585 674 776 757 apostolice,
801 691 858 740 nes
906 682 999 753 teret,
1013 675 1345 742 excommunicatione
1358 675 1695 742 innodatusremene·

88 779 150 862 quit
161 773 265 856 puella
282 770 390 838 vestiri
412 781 584 856 antequam
608 781 733 838 atatem
753 764 866 838 annm
906 781 966 837 ret.
977 777 1042 838 Neo
1056 775 1138 838 velet
1153 775 1356 840 consuetudo
1373 777 1407 838 in
1424 775 1633 840 contrarium.

89 862 403 953 rumtocx'ptcrerit.
750 943 753 948 ,
946 873 1078 950 Quarto,
1089 881 1124 938 nt
1135 873 1251 955 puellae
1273 875 1469 956 'recipiantur
1482 875 1522 938 de
1533 893 1695 940 consensu

119 981 153 1042 ll.
169 975 319 1040 lionieles
336 975 422 1039 licite
438 982 469 1038 et
485 974 608 1057 absque
624 976 713 1056 gravi
729 982 857 1056 peccato
908 975 1091 1055 superioris
1114 983 1145 1038 et
1176 977 1365 1039 monialium
1400 991 1458 1056 per
1479 987 1601 1040 secreta
1630 975 1698 1042 sui-

88 1075 407 1158 neuueuntnuvitiam
417 1075 552 1157 rejicere
567 1076 639 1142 sine
651 1079 737 1166 justa
748 1091 856 1140 causa.
908 1074 1022 1155 lragie.
1713 1083 1723 1165 ζ

120 1179 171 1244 tlt.
198 1177 315 1258 Nequit
347 1183 452 1242 umen
484 1175 672 1242 ordinarius
700 1175 859 1242 moniales
949 1178 1079 1254 Quinta,
1097 1185 1132 1241 ut
1154 1194 1219 1242 nnn
1238 1179 1303 1242 sint
1326 1195 1421 1259 snprn
1442 1195 1614 1243 numerum
1631 1194 1697 1244 mo·

88 1295 201 1360 cogere,
217 1283 253 1340 ut
275 1293 404 1342 causatu
429 1279 610 1360 expriment
629 1293 687 1342 cnr
704 1277 859 1342 novitiam
911 1281 1052 1344 nestorio
1073 1281 1246 1359 primitium.

90 1383 235 1466 rejiciunt.
258 1381 531 1446 «scusisccreto
549 1379 754 1459 interrogatae
771 1379 861 1443 ideo·
949 1381 1060 1454 Seston
1078 1385 1113 1444 ut
1140 1380 1248 1460 puella
1275 1377 1451 1459 recipiatur
1475 1381 1546 1444 sine
1570 1381 1696 1445 ancilla.

88 1497 168 1546 neam
191 1479 390 1560 repulsionis
412 1495 542 1544 oausam
566 1495 633 1544 non
654 1479 789 1544 aderant
804 1523 813 1555 ,
831 1485 862 1544 et
915 1501 919 1509 ·
950 1480 1148 1561 Septimum
1164 1478 1453 1560 ejusmodipuellte
1464 1481 1619 1558 modesto,
1633 1499 1698 1546 non

89 1585 116 1647 in
129 1599 182 1646 sut
199 1579 400 1646 contumacis
424 1586 651 1661 perseverent,
678 1579 862 1644 ordinarius
913 1579 1077 1642 mundano
1092 1577 1418 1654 hebituindunntnr.

89 1685 172 1748 delet
184 1683 291 1747 lacere
306 1681 480 1748 certiorem
495 1697 617 1746 sacrem
640 1681 863 1762 congregatio·
953 1677 1082 1749 Octava.
1102 1688 1136 1742 ut
1166 1678 1272 1756 puelle
1305 1679 1479 1758 septimum
1510 1681 1612 1746 etatis
1638 1698 1698 1746 an·

90 1800 166 1857 nem,
197 1792 232 1846 ut
255 1783 298 1846 de
319 1789 502 1862 opportuno
528 1781 673 1846 remedio
694 1781 864 1847 confestim
914 1779 1299 1860 nu'merpleverit,e125
1328 1795 1392 1843 non
1425 1781 1643 1862 compleverit.
1669 1785 1699 1848 Si

90 1878 236 1960 provideri
248 1878 388 1958 possit.»
404 1877 447 1960 (S.
463 1894 574 1959 congr.
587 1879 692 1958 episc.
703 1885 735 1942 et
748 1877 862 1960 Regni·
915 1897 978 1963 qua
1009 1889 1172 1946 remaneat
1198 1889 1268 1962 post
1297 1882 1462 1962 expletum
1497 1883 1537 1946 ut
1568 1901 1698 1960 annium.

90 1979 376 2062 nncnpttonemt
394 1982 414 2044 5
429 1980 602 2046 Novembr.
618 1978 720 2062 tout.)
915 1981 1130 2064 praefigendus
1145 1979 1209 2061 ipsi
1224 1989 1272 2044 est
1285 1983 1326 2046 ab
1342 1981 1506 2046 ordinario
1524 1983 1701 2062 terminus,

122 2083 202 2144 tte·
224 2081 381 2156 Quamvis
408 2081 585 2162 pruieseio'
606 2082 797 2148 monialium
830 2083 866 2147 in
915 2081 1122 2164 immunem,
1153 2084 1203 2146 vel
1226 2083 1423 2163 egredietur.
1449 2083 1498 2146 vel
1521 2080 1701 2165 regularem

92 2201 176 2248 manu
189 2183 349 2248 ordinarii
365 2183 594 2265 principaliter,
605 2201 669 2251 non
684 2193 793 2250 entem
807 2185 865 2249 e'b·
917 2182 1060 2246 habitum
1073 2183 1238 2262 suscipiet.
1269 2265 1274 2277 Ι

91 2287 204 2349 mttsse
220 2285 292 2348 fiori
311 2286 444 2362 debent;
464 2293 571 2349 tamen
593 2285 622 2348 si
648 2286 699 2349 liat
722 2286 756 2349 in
769 2301 867 2348 manu
957 2285 996 2348 ll.
1014 2285 1142 2361 Puellae,
1176 2285 1276 2349 semel
1296 2285 1455 2361 admissae,
1474 2303 1491 2349 e
1507 2285 1703 2349 monasterio

91 2385 322 2464 superiorissre,
350 2387 390 2449 de
421 2400 585 2450 consensu
613 2385 745 2468 majoris
768 2385 867 2465 partis
917 2385 1027 2466 egredi
1047 2394 1225 2468 nequeunt,
1249 2389 1359 2450 seded
1386 2387 1568 2450 clausurum
1601 2385 1703 2450 instar

92 2485 303 2566 capitulien
329 2484 457 2550 valide:
486 2503 559 2550 cum
585 2486 805 2566 superiorissn
826 2486 866 2548 de
919 2483 1110 2550 monialium
1139 2491 1303 2549 tenentur.
1332 2485 1415 2549 ilinc
1431 2486 1531 2549 semel
1566 2505 1703 2568 egressae

94 2601 188 2662 perse
214 2583 297 2660 sole,
324 2601 398 2648 cum
430 2583 516 2648 dicto
543 2599 707 2649 consensu
735 2584 867 2666 majoris
919 2593 1088 2667 nequeunt
1105 2584 1225 2649 iterum
1242 2583 1481 2665 recipiensque
1500 2598 1654 2664 expresse
1671 2587 1703 2648 S.

93 2685 499 2764 purtismonialium,iltam
515 2681 870 2766 pcssitrecipere,nisi
919 2686 1331 2768 congregationislicentia,
1357 2685 1542 2749 nisitemcn
1565 2683 1705 2751 redirent
1772 2705 1775 2711 ·

94 2785 208 2849 obstent
221 2788 404 2866 peculiares
420 2788 669 2850 constitutiones
684 2785 866 2866 religionis.
920 2790 958 2854 ed
989 2789 1235 2870 suscipiendum
1266 2787 1422 2850 hobitum.
1458 2785 1569 2850 Puella
1601 2795 1704 2850 tamen

93 2888 132 2948 lte
143 2887 213 2967 jure
227 2888 319 2950 enim
349 2887 539 2953 monialium
556 2887 698 2966 receptio
713 2901 778 2949 non
792 2901 868 2966 spe·
921 2905 994 2971 que
1007 2889 1129 2970 absque
1143 2887 1274 2951 licentia
1303 2905 1320 2950 e
1349 2886 1545 2951 monasterio
1561 2887 1706 2949 discede-

93 2997 146 3050 ctnt
167 2989 205 3051 ad
232 2989 450 3068 ordinarium,
464 2989 522 3054 sed
551 2989 589 3054 ed
620 2988 811 3052 abbatissam
839 2994 870 3051 et
921 2997 981 3066 ret,
998 2986 1363 3053 excommunicationem
1383 3002 1448 3049 non
1465 2987 1656 3049 incurreret.
1670 3021 1707 3034 --

95 3087 330 3150 monesterium.
348 3103 372 3146 »⁴
921 3089 1038 3152 Omnia
1052 3105 1149 3168 supra
1172 3087 1256 3150 dicta
1271 3085 1346 3149 vide
1362 3085 1481 3148 firmate
1495 3083 1592 3148 variis
1603 3084 1708 3148 decla-

130 3189 163 3250 V.
182 3188 306 3251 Puellae
336 3189 376 3251 ed
404 3187 550 3252 hobitum
579 3200 713 3270 receptu
745 3191 870 3270 imponi
922 3189 1303 3269 rationibussacrcongr.
1319 3187 1426 3267 iipiso.
1445 3195 1476 3249 et
1493 3186 1607 3267 lingui.
1623 3187 1708 3266 apud

94 3289 449 3366 debetnomensanctae,
466 3290 871 3370 nongentilisieminoe,ut
921 3292 1061 3363 Ferret..
1086 3287 1174 3352 verb.
1198 3285 1366 3358 Moniclcs,
1388 3291 1445 3348 ert.
1477 3287 1506 3359 t,
1531 3301 1600 3348 an.
1627 3287 1724 3350 ilad-

95 3397 214 3452 vocctur
229 3390 329 3454 tituto
348 3391 480 3462 sororis,
495 3399 527 3453 et
546 3408 610 3454 non
626 3392 763 3455 domne.
923 3389 972 3453 30.

131 3491 175 3552 l'l.
193 3491 361 3554 Tenentur
372 3489 527 3554 monieles
537 3489 768 3556 haberelocum
778 3509 871 3574 sepa·
965 3492 1015 3553 ill.
1029 3487 1301 3570 congregationes
1311 3482 1560 3560 monialium‚ad
1570 3481 1710 3549 educan-

69 3613 73 3620 ·
96 3599 186 3654 ratum
202 3609 259 3674 pro
275 3593 430 3660 novitiis:
442 3593 617 3657 novitiatus
632 3594 719 3674 apud
737 3595 870 3658 cestren
923 3593 980 3654 das
998 3589 1125 3670 puellas
1140 3590 1297 3650 institute
1321 3592 1352 3648 ct
1381 3602 1397 3646 a
1422 3585 1497 3646 sede
1536 3585 1710 3662 apostolico

95 3693 197 3773 nequit
216 3693 250 3758 in
272 3693 388 3756 habitu
414 3693 580 3770 seculari,
605 3701 636 3757 et
652 3694 768 3775 incipit
799 3701 871 3758 tan·
924 3691 1124 3771 approbatae,
1156 3688 1187 3750 ti
1222 3687 1318 3768 hujus
1349 3683 1591 3765 ldpffibfllmttffs
1620 3680 1707 3763 05⁰⁵·

96 3801 156 3854 tum
172 3810 187 3856 a
203 3795 256 3858 die
272 3793 501 3873 susceptionis
519 3794 662 3859 hebitus.
682 3795 872 3877 (Hucusque
925 3791 1011 3856 modi
1029 3789 1154 3870 puellas
1170 3788 1314 3868 recipere
1335 3791 1470 3866 possunt
1493 3785 1615 3867 absque
1643 3785 1710 3848 ulla

94 3895 227 3960 Farnrn.
245 3895 336 3960 verb.
355 3895 521 3971 Moniolce,
541 3903 600 3959 ert.
618 3896 648 3968 l,
667 3894 812 3976 passim.)
926 3892 1067 3963 licentio,
1086 3896 1120 3952 ut
1137 3905 1243 3969 perse
1263 3893 1358 3967 pmet.

96 4017 107 4088 g
125 4015 152 4069 i.
168 4045 199 4058 -
215 4017 252 4072 lle
268 4015 366 4086 puellis
379 4015 449 4072 intre
462 4013 616 4072 clausurum
630 4015 789 4071 monialium
804 4015 873 4071 edu·
964 3995 1019 4057 lV·
1040 3995 1083 4055 Εἰ
1100 3991 1197 4054 Ὺθΐῖῗὸ
1215 3990 1430 4052 ROmflssflfflffl
1446 4001 1556 4065 condi·
1572 3999 1710 4062 resim*

125 4087 225 4154 cnrrdis,
243 4101 355 4142 necnon
371 4088 406 4142 de
424 4086 537 4142 leminis
551 4085 789 4143 secularibusenb
803 4087 875 4142 cleu·
926 4097 986 4169 εἰς,
1003 4111 1076 4176 quoe
1090 4092 1293 4157 declararunt
1313 4087 1488 4152 hodiernus
1504 4085 1616 4151 flatum
1645 4101 1714 4148 mo.

350 4173 413 4212 ΒΜ
435 4156 608 4230 ᾱθῧθῃιῶω·
827 4194 830 4202 ’
928 4193 1029 4258 nieles
1045 4207 1136 4257 veras
1167 4189 1337 4271 religiosas
1361 4202 1426 4249 non
1448 4203 1532 4262 esse,
1563 4183 1714 4266 sequitur

129 4295 152 4356 t.
167 4293 290 4358 duellet
318 4291 521 4356 educationis
543 4290 641 4370 gretie
665 4291 766 4370 recipi
798 4305 874 4371 pos·
927 4295 1090 4378 prelatum
1102 4292 1259 4357 clausuroe
1274 4289 1377 4370 legem
1394 4295 1424 4350 et
1442 4285 1623 4368 premissas
1638 4302 1714 4349 con·

95 4403 162 4458 sunt
176 4395 211 4458 in
235 4391 442 4460 monasteriis
465 4391 669 4468 montelium,
692 4402 725 4456 ut
752 4392 875 4472 pluries
928 4395 1069 4458 ditiones
1083 4407 1140 4471 pro
1160 4388 1403 4454 educandarum
1425 4385 1606 4463 puellarum
1626 4399 1714 4445 rece·

95 4495 227 4558 decrevit
242 4511 327 4558 sacr.
342 4509 453 4572 congr.
472 4493 578 4572 Episc.
594 4499 625 4555 et
642 4492 874 4573 negut.‚qutn
928 4488 1319 4576 ptioneanullisGalliae
1341 4483 1536 4549 monialibus
1550 4481 1715 4547 observari
1789 4543 1791 4550 ,

95 4597 236 4660 clausura
264 4594 415 4670 violetur,
442 4595 538 4656 mode
565 4593 673 4656 adsint
713 4595 877 4675 requisites
929 4595 1059 4666 debere,
1089 4591 1193 4655 donec
1219 4587 1313 4652 aliter
1333 4582 1633 4665 esedeapostolica
1659 4581 1716 4645 de·

95 4697 302 4766 conditiones.
320 4713 393 4776 qum
405 4703 480 4758 sunt
497 4701 692 4774 sequenteec
929 4695 1082 4760 claretum
1098 4689 1209 4755 suerit.

130 4799 247 4874 Prima,
263 4805 300 4860 ut
324 4793 554 4859 monasterium
577 4793 735 4873 ejusmodi
753 4793 876 4873 puellas
969 4797 1008 4858 v.
1037 4791 1157 4856 Puellte
1185 4788 1360 4855 educandae
1386 4790 1609 4857 inconvento,
1642 4797 1716 4864 nure

96 4901 274 4982 educandas
288 4898 433 4976 recipere
448 4893 665 4960 consueverit.
931 4896 1045 4960 volunt
1060 4890 1299 4956 matrimonium
1313 4885 1515 4960 contrahere,
1525 4880 1716 4962 desponsari

128 4998 283 5070 Secundo,
323 5008 358 5060 ut
391 4995 476 5060 intre
515 4992 747 5058 monesterium
787 4994 878 5059 locus
932 4998 1155 5062 debentextra
1179 4991 1373 5061 clausurum,
1402 4999 1462 5049 nec
1488 4985 1523 5047 in
1548 4991 1618 5046 eam
1644 4991 1716 5062 post

96 5101 207 5166 iisdem
225 5098 550 5183 puellisdestinatns,
567 5096 720 5159 diversus
732 5096 815 5160 silet
831 5111 880 5161 se·
933 5094 1214 5177 desponsetionem
1230 5089 1336 5153 redire
1354 5091 1500 5168 pessunt,
1521 5083 1643 5164 absque
1669 5099 1718 5143 se·
1751 5123 1758 5136 ,

95 5207 219 5281 prratns
243 5200 286 5264 ab
308 5199 433 5264 eisdem
460 5197 579 5262 mium
615 5195 769 5277 partibus,
796 5211 879 5278 quas
934 5200 984 5261 uis
1005 5193 1190 5276 apostolius
1231 5188 1370 5288 licentia.
1400 5181 1620 5264 superiecisse
1646 5177 1727 5260 quei

77 5299 433 5382 'occupentueunieles
705 5353 709 5360 .
934 5295 1091 5378 permittit
1118 5289 1318 5373 sponsalium
1352 5285 1604 5348 instrumentum
1643 5295 1716 5342 curn

121 5404 252 5478 ¹Tertio,
267 5409 302 5466 nt
315 5401 470 5466 habeatur
482 5413 635 5481 expressa
651 5398 781 5464 licentia
797 5411 878 5462 sacr.
934 5394 1100 5468 educendo
1119 5383 1189 5456 neri
1216 5387 1255 5450 ed
1278 5391 1392 5458 cretes,
1408 5383 1583 5463 deponitur
1597 5379 1637 5442 tlt
1648 5377 1727 5443 esti-¹

95 5523 200 5586 mugr.
235 5503 344 5583 inpiae.
375 5510 406 5566 et
430 5499 545 5579 neget.
565 5512 683 5582 :qnam
720 5499 880 5564 licentiam
934 5499 1000 5572 elo.
1028 5505 1172 5574 voceque
1195 5485 1488 5566 actlvnetpnssitu
1515 5481 1727 5566 privatus-²

96 5607 206 5688 nequit
228 5602 415 5672 ordinarius
439 5601 629 5667 concedere.
651 5603 718 5664 imo
745 5601 772 5664 si
800 5599 882 5664 rect·
933 5593 1098 5680 Ejusmodi
1133 5589 1251 5669 puellis
1275 5581 1606 5650 nunerevolentibns
1637 5581 1730 5646 liner

97 5710 179 5784 pitur
194 5707 306 5788 puella
325 5707 359 5770 in
373 5709 536 5770 conventu
557 5702 641 5766 dicta
657 5703 786 5766 licentia
798 5717 878 5767 secr.
936 5695 1043 5764 exitus
1059 5690 1200 5774 permitti
1218 5687 1323 5752 occet.
1352 5685 1508 5767 (Fennis.
1535 5682 1619 5747 turb.
1651 5681 1731 5794 ms

95 5827 200 5894 muge.
221 5825 288 5874 non
312 5807 448 5893 munito,
467 5803 597 5894 violate
614 5801 771 5868 clausurae
790 5813 889 5884 poena·
936 5797 1046 5876 etates,
1064 5806 1120 5862 ert.
1137 5798 1163 5873 l,
1182 5811 1214 5858 n.
1230 5795 1271 5858 30
1283 5800 1314 5856 et
1329 5791 1412 5866 eeu.)
