4044 6458
279 355 336 424 'iil

791 357 905 421 JURlS
924 357 1106 423 otuorttct
1124 313 1400 426 courutottttt,
1832 370 1883 433 tot

282 477 391 541 lariter
405 474 585 538 mandatum
602 475 799 553 procuratori
827 476 866 539 ad
900 477 1061 556 egendum
1111 477 1198 558 Jore,
1214 485 1245 542 et
1260 478 1352 558 juxto
1376 475 1496 556 stylum
1508 475 1607 539 curlo
1621 475 1777 558 cuiusque
1790 483 1887 560 requi·

280 595 341 644 seo
368 595 424 659 pro
437 587 542 640 actore
565 576 782 638 necessarium
799 587 859 652 est,
875 585 904 640 et
933 577 1063 655 quidem

280 681 337 755 ita,
363 685 396 740 ut
421 679 525 748 aleco,
547 675 603 754 qui
630 673 776 756 legitimo
807 679 1064 754 mnndutocaret‚

282 778 350 839 sire
376 793 394 838 a
425 774 736 856 procuratorelalso‚
765 777 798 839 iu
817 777 944 857 judicio
963 788 1065 856 gesta,

281 877 346 938 siut
361 875 456 938 irritu
478 876 549 954 ipso
568 876 653 956 jure.
671 877 758 956 (Arg.
784 895 811 941 c.
843 878 882 940 ln
901 888 1012 940 nvortro
1035 877 1064 952 l,

280 976 326 1038 Do
356 974 572 1055 procurator.)
588 1007 627 1022 -·
643 977 713 1038 liixi
735 975 776 1037 od
814 975 979 1055 opandum,
1005 993 1061 1036 ree

280 1092 340 1154 pro
365 1083 484 1145 octore,
502 1091 572 1136 nom
590 1091 646 1154 pro
668 1094 723 1137 reo
737 1076 869 1139 absente
884 1077 978 1138 etia-m
995 1076 1070 1137 sine

284 1175 429 1238 roaodato
457 1172 609 1237 defensor
634 1176 821 1251 admittitur,
859 1179 956 1240 niodo
987 1175 1068 1255 legi·

282 1274 390 1336 limam
405 1289 573 1352 personam
596 1275 701 1338 standi
725 1275 759 1338 iu
786 1275 910 1355 jndicio
941 1275 1065 1352 helmet,

282 1373 360 1437 satis
374 1373 427 1435 det
444 1389 503 1450 pro
525 1373 668 1454 judicato
679 1375 845 1449 solvendo,
861 1382 892 1438 et
907 1376 1001 1437 etiam
1026 1375 1072 1438 de·

283 1483 350 1534 rato
365 1475 546 1536 cautionem
568 1483 695 1550 prestet
713 1491 803 1550 casu,
824 1489 890 1552 quo
905 1492 980 1537 reus
996 1491 1069 1537 con·

285 1574 417 1634 venitur
444 1573 568 1636 actione
585 1574 660 1635 reali
679 1589 687 1649 ;
704 1582 735 1637 et
751 1575 811 1638 hoc
826 1591 937 1639 rerum
953 1581 1002 1638 est
1023 1574 1069 1648 ,de

279 1669 355 1752 jure
368 1671 507 1750 positiro
523 1681 553 1733 et
581 1674 731 1737 naturali.

326 1793 341 1830 a
362 1772 479 1834 Addidi
494 1773 701 1852 reputoriter:
718 1791 790 1838 uam
808 1775 915 1854 piures
927 1785 1069 1839 suntor·

283 1873 402 1947 eunio
431 1873 550 1954 quibus
575 1875 671 1937 etiam
702 1875 740 1938 ad
765 1877 925 1956 agendum
957 1893 1071 1956 procu·

284 1985 372 2037 rator
384 1974 454 2036 sine
470 1978 617 2037 mandato
633 1976 820 2038 admittitur.
837 1979 873 2038 Et
889 1979 920 2039 1·
936 1978 1068 2056 quidem

284 2071 314 2134 si
333 2072 483 2135 dominus
500 2089 650 2151 presens,
682 2073 830 2136 etsciens
845 2089 906 2136 suo
936 2076 1077 2138 nomine

284 2171 426 2252 aliquem
442 2171 475 2234 in
491 2169 614 2251 judicio
636 2173 844 2246 contendere,
857 2174 944 2235 istud
969 2173 1070 2253 patia-

286 2281 338 2334 tur
355 2292 366 2348 ς
386 2272 464 2352 quia
478 2271 531 2334 tali
550 2273 703 2334 dominus
733 2273 902 2335 mendasse
926 2275 1068 2336 ridetur.

285 2373 356 2434 —20
368 2372 400 2434 si
415 2373 487 2435 talis
500 2373 552 2444 sit,
569 2372 745 2450 nuicanses
758 2379 888 2435 tractare
904 2373 1072 2436 consuevit

286 2483 318 2537 ot
351 2489 460 2536 seerrm
494 2471 587 2534 habet
636 2472 859 2545 instrumenta,
897 2476 966 2535 sire
1004 2479 1072 2535 acta

284 2572 516 2652 ipsiuscausre3
530 2571 678 2648 quiahoc
694 2572 973 2652 praesumptionem
985 2588 1078 2634 man·

286 2673 348 2733 dati
366 2672 511 2734 lundont.
522 2672 564 2751 [C.
581 2671 754 2744 deremet,
767 2672 810 2731 ue
823 2671 907 2751 offic.
921 2669 1078 2749 (islep.)-

285 2773 318 2832 3·
331 2771 360 2834 Si
374 2771 437 2834 sint
451 2779 615 2834 consortes
626 2770 770 2849 ejusdem
786 2771 865 2844 litis3
880 2787 951 2833 nam
963 2770 994 2832 ut
1016 2787 1072 2850 pro

286 2877 481 2954 seinvicem,
496 2877 589 2938 etiam
607 2875 729 2954 absque
739 2878 897 2950 mandato,
911 2875 1079 2956 injudicio

289 2978 421 3050 possunt
444 2975 643 3055 agere-t·
665 2975 696 3037 Si
718 2975 783 3036 sint
811 2991 961 3054 personae
991 2991 1077 3038 con·

282 3071 416 3153 mucre,
430 3074 542 3152 quales
564 3081 640 3138 sunt
652 3080 809 3153 parentes,
828 3073 932 3149 liberi,
947 3071 1075 3150 iratres,

287 3170 411 3246 afficies,
430 3171 588 3236 liberti...
605 3172 671 3236 imo
692 3189 805 3236 omnes
832 3173 994 3252 coniuncti
1020 3191 1073 3236 us·

287 3287 351 3352 que
362 3270 400 3333 ad
410 3281 558 3350 quadum
572 3274 706 3352 gradum
717 3275 748 3336 in
763 3273 844 3336 linea
856 3272 1072 3337 transversali.

286 3403 326 3418 -·
347 3371 379 3435 c·
392 3371 423 3434 Si
442 3372 574 3435 maritus
594 3389 688 3454 agero
712 3374 790 3437 velit
810 3389 867 3452 pro
891 3389 1003 3437 uxore.
1025 3373 1072 3454 (C.

287 3471 477 3536 Constituto}
505 3471 554 3545 12,
583 3473 1012 3552 oe1procerator....-o·
1040 3473 1073 3537 Si

289 3570 474 3650 episcopos,
502 3570 552 3633 rel
578 3572 725 3650 prelatus
744 3572 828 3635 bene
856 3579 888 3636 et
921 3573 995 3653 juro
1022 3591 1078 3636 ec·

287 3667 396 3732 olesito
413 3685 483 3732 sum
507 3671 626 3748 perdet,
643 3671 691 3733 rel
709 3668 882 3734 detondere
899 3676 954 3733 aut
981 3687 1075 3733 recu·

289 3783 400 3846 perora
426 3767 594 3847 negligus
617 3774 693 3830 tunc
705 3767 792 3830 enim
810 3769 955 3832 canonici
969 3779 1000 3830 et
1011 3770 1078 3832 cle-

1115 577 1190 638 sita.
1216 576 1292 638 ‘l'ale
1327 576 1401 651 erit,
1430 574 1458 637 si
1488 575 1523 637 in
1555 591 1594 638 eo
1622 583 1758 656 ponatur
1781 593 1885 647 nomon
1983 645 1984 652 ,

1115 675 1353 746 constituentis,
1381 673 1594 754 procuratoris
1619 675 1798 749 constituti,
1813 687 1888 741 acto·
1983 681 1984 684 ’

1116 778 1172 849 ris,
1188 783 1296 839 contra
1312 792 1418 855 quem,
1432 774 1552 855 judicis
1567 775 1651 855 apud
1674 791 1781 854 quem,
1799 792 1885 857 agen·

1115 877 1220 951 dum;
1241 879 1269 938 si
1294 885 1431 957 ponatur
1453 877 1486 940 in
1501 892 1539 939 eo
1554 875 1690 956 qualitas
1714 893 1816 940 ceusu
1838 881 1888 943 de·

1118 978 1283 1052 mandato,
1299 977 1380 1048 dies,
1396 985 1427 1040 et
1442 993 1547 1039 annus
1561 975 1812 1051 constitutionis,
1835 987 1886 1044 etc.
1983 1011 1984 1014 ¹

1116 1077 1188 1138 -3·
1221 1075 1887 1154 Ulmandatumsitsullicieuterprobatum.

1116 1173 1248 1235 Probari
1264 1180 1371 1237 autem
1393 1180 1499 1251 potest
1521 1191 1578 1252 per
1606 1171 1817 1234 instrumenta
1836 1192 1886 1252 pu·

1116 1273 1204 1338 blica
1216 1281 1247 1336 et
1266 1275 1398 1352 privata,
1416 1290 1472 1352 per
1486 1280 1595 1347 testes,
1616 1272 1675 1353 qui
1690 1272 1730 1334 de
1760 1275 1889 1338 mandato
1983 1287 1984 1354 l

1118 1376 1291 1456 deponant,
1312 1391 1370 1454 per
1392 1373 1673 1452 presumptionem
1698 1389 1739 1435 ex
1768 1373 1892 1454 coujun-

1118 1476 1224 1539 ctione
1240 1473 1420 1556 sanguinis,
1437 1482 1498 1538 etc.
1513 1507 1551 1519 -
1566 1473 1597 1534 lc·
1614 1474 1651 1535 lit
1676 1471 1706 1534 si
1730 1475 1772 1535 sit
1789 1489 1888 1551 procu·

1119 1584 1205 1640 rator
1229 1579 1287 1651 rei,
1322 1577 1399 1638 sutis
1420 1573 1473 1636 det
1504 1573 1543 1636 de
1557 1573 1706 1662 judicato
1739 1571 1895 1650 solvendo,

1119 1679 1185 1744 nisi
1218 1678 1460 1741 satisdationem
1477 1675 1658 1754 prostiterit
1683 1673 1755 1752 ipse
1786 1673 1891 1750 priuci-

1120 1778 1256 1859 palis....
1294 1775 1396 1838 Hodie
1412 1783 1515 1837 tumen
1531 1773 1637 1834 cautio
1665 1771 1734 1833 hoec
1760 1785 1821 1832 non
1848 1756 1889 1832 re·

1120 1875 1273 1957 quiritur,
1287 1874 1342 1936 sed
1359 1871 1486 1945 sufficit,
1500 1871 1527 1934 si
1547 1879 1743 1951 procurator
1754 1869 1841 1932 fidem
1858 1871 1896 1934 dc

1121 1976 1268 2038 mundato
1289 1973 1392 2036 sociat.
1415 1972 1509 2033 -5·.
1536 1971 1586 2041 Ut,
1618 1969 1646 2031 si
1676 1967 1891 2032 rationabiliter

1121 2073 1296 2147 dubitetur,
1319 2089 1357 2135 an
1373 2071 1411 2133 ad
1427 2070 1589 2150 egendum
1616 2069 1768 2146 legitimo
1791 2074 1819 2129 et
1836 2069 1892 2130 sul·

1121 2177 1245 2240 ficienti
1262 2175 1408 2238 mandato
1436 2175 1614 2236 instructus
1640 2172 1695 2246 sit,
1727 2185 1892 2250 procurator

1122 2279 1237 2340 actoris
1252 2283 1371 2349 curent,
1387 2275 1435 2336 rel
1462 2276 1622 2353 promittet
1653 2272 1819 2336 domiuum
1838 2291 1891 2336 rem

1123 2382 1220 2436 ratem
1246 2371 1466 2434 habiturum...
1491 2373 1600 2445 secus,
1619 2371 1644 2433 si
1662 2378 1797 2444 constet,
1818 2373 1891 2451 quot

1122 2472 1164 2535 sit
1187 2473 1361 2534 instructus
1389 2471 1534 2534 mandato
1549 2469 1735 2544 sufficienti,
1766 2469 1812 2534 rel
1827 2487 1892 2532 con·

1123 2578 1304 2632 tracertum
1332 2570 1385 2644 sit,
1418 2571 1506 2648 quod
1535 2569 1587 2632 vol
1613 2569 1754 2644 nullum,
1770 2569 1816 2632 rel
1839 2589 1891 2633 non

1123 2671 1312 2751 legitimum
1333 2673 1514 2734 mandatum
1544 2670 1677 2747 hebeat;
1700 2689 1773 2734 nam
1806 2673 1892 2750 primo

1123 2786 1198 2833 cusu
1215 2772 1309 2834 etiam
1333 2771 1403 2834 sine
1433 2773 1582 2835 cautione
1598 2773 1654 2834 hac
1671 2770 1894 2846 conditarum-3

1124 2868 1158 2932 in
1179 2869 1323 2932 secundo
1340 2868 1436 2932 etiam
1451 2889 1523 2934 curn
1540 2870 1688 2934 cautione
1722 2869 1763 2932 de
1779 2875 1839 2929 rato
1855 2873 1897 2927 est

1126 2969 1346 3049 repellendus,
1371 2970 1433 3032 nisi
1470 2988 1510 3034 ex
1539 2968 1663 3032 talibus*
1681 2967 1825 3047 personis
1850 2966 1893 3040 rit,

1123 3087 1196 3152 qum
1232 3085 1328 3149 agere
1355 3069 1430 3133 siue
1464 3071 1610 3132 mundato
1650 3063 1892 3148 possunt...[lot

1124 3167 1333 3255 striduit.)

1162 3271 1192 3334 3.
1211 3293 1226 3328 a
1245 3271 1407 3348 Qetoeritur
1421 3269 1706 3350 quidpreeurator,
1725 3265 1899 3346 generaliter

1125 3371 1319 3435 constitutus
1338 3371 1378 3433 ad
1402 3371 1620 3449 agendumst
1648 3369 1787 3431 mandati
1804 3367 1886 3445 hujus

1125 3471 1285 3553 generalis
1314 3469 1427 3550 possit.
1449 3471 1545 3550 Resp.
1560 3471 1665 3532 Potest
1696 3468 1803 3530 omniu
1831 3481 1895 3546 quo

1125 3570 1310 3634 mandatum
1326 3568 1397 3642 hoc,
1414 3567 1465 3630 rel
1482 3567 1703 3646 principaliter
1735 3563 1783 3626 rel
1798 3581 1889 3626 acces·

1125 3671 1211 3734 sorio
1223 3671 1284 3733 sub
1301 3669 1493 3748 proprietate
1505 3685 1639 3730 suorum
1654 3667 1894 3729 rerborumcon·

1126 3770 1217 3845 tinet,
1235 3768 1299 3830 nisi
1317 3767 1494 3832 eausatelis
1509 3767 1562 3842 sit,
1579 3783 1651 3848 quaa
1666 3766 1806 3845 speciale
1820 3783 1895 3829 man·

295 3867 355 3929 rici
391 3867 514 3947 singuli
547 3885 642 3946 egere
669 3867 900 3946 auperiisdem
930 3877 1075 3946 possunt,
1127 3869 1235 3934 datum
1252 3867 1368 3947 exigat.
1390 3866 1644 3930 ltacommuuis.

287 3967 383 4028 otium
411 3969 482 4030 sine
513 3971 673 4030 mandato.
697 3968 743 4045 (C.
761 3967 849 4029 Licet
873 3973 903 4044 t,
919 3967 1074 4032 dercatit.
1167 3969 1265 4033 Porro
1275 3969 1406 4050 speciali
1419 3970 1568 4031 mandato
1578 3965 1899 4049 procuratoriudiget:

286 4067 416 4147 spoliet.
437 4083 489 4136 ro.
508 4067 585 4130 Cum
601 4066 674 4129 otim
687 4067 738 4141 ut,
760 4069 803 4130 lle
818 4077 888 4131 teat.
907 4078 935 4132 et
958 4079 1078 4146 elecem
1128 4072 1156 4133 l.
1172 4071 1220 4132 dd
1237 4071 1413 4134 tractandas
1429 4085 1540 4132 causas
1561 4067 1745 4132 criminales
1755 4066 1889 4129 crimina·

289 4183 317 4228 c.
341 4165 376 4227 Si
399 4167 468 4244 poia
484 4166 515 4238 o,
537 4165 685 4228 Dorceus
701 4167 809 4230 eccles.
825 4167 1076 4250 constituendi
1128 4171 1200 4233 liter
1215 4169 1480 4234 intentatas-2.
1494 4171 1540 4232 Ad
1550 4169 1726 4249 jurandum
1740 4167 1892 4230 decatum·

290 4266 327 4326 Et
356 4263 436 4325 retio
451 4271 511 4337 est,
530 4263 606 4345 quia
637 4265 782 4344 ipsorum
810 4267 942 4331 interest
969 4286 1020 4332 res
1045 4276 1078 4334 et
1127 4271 1193 4335 nie.
1207 4272 1308 4335 Clem.
1324 4273 1354 4333 2.
1379 4273 1424 4334 lic
1439 4280 1649 4352 procuret-
1663 4271 1693 4332 3.
1708 4271 1755 4332 lto
1768 4267 1899 4331 deleren-

285 4363 360 4446 jura
379 4363 523 4427 ecclesio
548 4381 617 4428 sue
638 4364 775 4429 salraet
795 4366 896 4430 illesa
913 4367 1075 4433 servari...
1127 4373 1203 4435 dum
1219 4373 1361 4436 adverso
1383 4373 1460 4452 parti
1482 4371 1699 4448 juramentum
1722 4370 1893 4433 decisirum.

288 4464 436 4544 llisergo
452 4464 604 4528 omnious
619 4479 713 4544 agere
728 4466 800 4529 sine
824 4467 971 4530 mundato
1006 4485 1077 4546 per·
1128 4469 1173 4552 (c.
1186 4471 1249 4548 Qui
1263 4473 1305 4535 cd
1317 4473 1469 4554 npecdum
1483 4473 1512 4547 t,
1529 4475 1571 4535 lia
1585 4483 1751 4553 procurat.
1769 4473 1800 4534 iu
1813 4471 1852 4542 θ.)
1867 4501 1897 4515 -

288 4565 437 4640 mittitur,
447 4563 511 4626 nisi
526 4565 615 4628 aliud
639 4575 764 4630 constet
779 4570 819 4630 de
839 4569 1003 4631 voluntate
1017 4569 1077 4632 do·
1126 4573 1156 4634 l.
1168 4574 1216 4635 Ad
1228 4574 1467 4654 transigendum
1481 4573 1529 4636 rel
1542 4573 1779 4654 paciscendum.
1792 4569 1898 4651 (ficit.)¹

289 4663 382 4738 mini,
400 4679 538 4744 proquo
563 4664 795 4740 interveniunt,
820 4666 870 4729 rol
903 4683 1010 4730 causa.
1033 4667 1076 4729 sit
1128 4673 1267 4737 -ttnd
1304 4672 1630 4753 compromittendum
1667 4671 1703 4732 iu
1736 4669 1893 4734 arbitrium.

289 4762 430 4839 speciale
462 4763 647 4826 mandatum
680 4766 827 4846 exigens.
854 4767 946 4831 llatio
979 4783 1074 4830 exce-
1128 4777 1210 4838 -tt
1235 4773 1282 4836 nd
1301 4771 1468 4852 petendum
1497 4770 1736 4834 restitutionem
1765 4769 1797 4830 in
1824 4768 1895 4826 inte·

290 4859 473 4939 ptiunisest
491 4882 500 4937 3
516 4863 593 4943 quia
622 4881 766 4943 perscore
792 4864 947 4928 hactenus
971 4865 1078 4930 relate
1129 4889 1232 4952 grum
1254 4874 1334 4934 -'t.
1361 4872 1408 4933 Ad
1438 4869 1676 4948 impetrandum
1707 4869 1893 4947 rescriptum.

289 4959 504 5024 admittuntur
546 4961 587 5024 ob
606 4963 888 5043 presumptionem
925 4964 1077 5037 mandati,
1129 4975 1204 5037 -8,
1223 4971 1270 5034 Ad
1295 4970 1718 5040 tenernndnmceusam,seu
1746 4967 1893 5046 negotium

289 5075 362 5137 qrrre
374 5058 407 5122 iu
419 5077 494 5124 cusu
507 5062 707 5141 exceptionis
718 5071 831 5129 cessat.
845 5086 862 5123 s
874 5067 1078 5130 Sennauaeu.
1131 5069 1376 5134 matrimoniale.
1395 5103 1434 5116 -
1446 5071 1477 5132 o.
1493 5071 1539 5130 Ad
1555 5067 1756 5139 donandum,
1768 5067 1894 5129 debitum

289 5157 368 5222 told.
394 5177 426 5224 n.
444 5161 511 5243 25.)
1130 5171 1370 5245 remittendum,
1401 5169 1653 5250 fidejubendum.
1669 5201 1708 5214 —
1722 5169 1769 5231 lo.
1786 5167 1827 5229 nd
1848 5165 1893 5225 be·

329 5261 361 5326 2·
381 5261 420 5326 Ui
457 5271 644 5342 procurator
681 5279 754 5326 cum
780 5265 928 5327 mundato
955 5265 1079 5330 tdmitii
1131 5271 1320 5336 deliciorum
1359 5268 1568 5347 aliorumque
1589 5268 1714 5348 iuriam
1745 5263 1893 5330 renuntia·

288 5363 685 5446 debeatadagendumpro
697 5367 1081 5448 principali,requiritur=
1134 5371 1306 5434 tionem.-·
1320 5367 1424 5432 tund
1439 5367 1655 5446 accipiendam
1675 5366 1892 5440 possessionen

296 5467 327 5524 t·
355 5471 391 5527 ut
409 5465 605 5538 mandatum,
622 5466 710 5545 quod
725 5466 831 5539 hahet,
848 5467 890 5531 sit
904 5467 1079 5544 sufficiens,
1133 5469 1338 5532 canonicatus
1353 5468 1402 5530 vel
1432 5465 1564 5529 alterius
1579 5466 1739 5529 beneficii.
1753 5497 1788 5510 -
1799 5465 1842 5525 lt.
1857 5461 1892 5521 td

294 5581 358 5628 non
383 5574 576 5642 revocatum,
593 5567 641 5630 rel
670 5566 735 5630 alio
760 5568 855 5632 modo
870 5571 1087 5644 exstinctumt·
1134 5568 1339 5631 collationem
1356 5567 1403 5628 rel
1432 5566 1710 5644 presentationem
1737 5562 1893 5654 taciendam

294 5665 374 5728 alias
390 5673 511 5730 tantum
527 5668 587 5732 erit
601 5677 786 5748 procurator
800 5670 914 5735 laisus.
927 5703 967 5718 ··-
979 5674 1013 5736 2·
1042 5675 1081 5738 Ut
1134 5665 1354 5746 rationejuris
1383 5665 1583 5741 conterendi,
1601 5665 1651 5729 rel
1665 5673 1846 5745 patronatus.
1864 5691 1894 5705 -·

296 5763 480 5834 mandatum
493 5767 577 5835 illud
598 5767 639 5834 sit
659 5780 851 5854 conceptum
880 5771 913 5840 in
939 5773 1080 5843 lormue
1136 5773 1185 5838 to.
1203 5767 1250 5834 dd
1269 5769 1438 5851 lilissdlm
1465 5767 1700 5834 ⁸b⁵⁰¹¹¹²¹⁰¹¹⁰m
1722 5769 1762 5832 ³¹³
1783 5777 1892 5858 ΗΜ·
