4098 6448
138 428 194 494 917
274 426 372 490 tans
389 424 437 490 tt.
458 425 508 488 DE
526 425 709 502 DELIC'I'IS,
727 426 916 491 CENSURIS
931 430 979 491 ET
993 431 1129 494 POENlS.
1147 457 1179 469 ··
1194 432 1267 500 ΗΒ.
1283 433 1419 496 ΧΝ.ῐ)Ε
1436 427 1611 494 battutas
1717 435 1770 500 978

137 535 926 618 ctumnocestgrattemsoractidemtemperquam
984 541 1291 619 confidentiaiibns3
1321 544 1385 607 imo
1406 559 1479 607 cum
1499 540 1695 617 venduntur,
1715 551 1770 606 aut

140 642 284 721 Spiritus
303 647 432 704 sanctus
447 637 481 701 in
500 637 596 702 nobis
615 637 781 714 inhabitat,
810 647 841 702 et
857 639 932 720 qai·
955 697 962 710 ,
984 653 1139 706 emuntur
1153 641 1256 706 officia
1274 642 1523 721 oeconomi,vice
1541 639 1679 718 domini,
1698 641 1769 705 the·

140 745 216 808 dem
239 759 280 807 cx
299 741 362 804 fine
376 739 526 822 capiendi
543 738 620 804 inde
640 739 866 819 turpissimum
884 740 932 805 lu·

139 861 246 908 crum.

182 943 508 1020 Definitanimonia,
538 942 624 1023 quod
651 942 693 1004 sit
715 941 859 1005 studiosa
878 959 931 1004 oo·

140 1050 250 1111 luptar
272 1045 414 1120 emendi,
439 1053 494 1106 out
513 1043 667 1106 uendendi
688 1041 810 1122 aliquid
832 1043 931 1122 spiri·

141 1149 228 1214 tuate
244 1149 293 1212 cel
303 1145 468 1227 spirituali
480 1163 647 1210 oppexum.
673 1144 841 1207 ltalilossa
856 1159 929 1206 cum

140 1249 321 1314 communi.
343 1251 397 1310 list
414 1254 575 1322 pecodum
591 1263 629 1310 ex
645 1259 834 1325 generesuo
846 1257 931 1306 mor·

141 1349 220 1426 tale,
232 1357 262 1413 et
279 1347 519 1430 gravissimum,
532 1345 716 1425 oppositum
730 1342 842 1408 virtuti
855 1343 930 1408 tidai

140 1458 173 1515 et
186 1449 335 1530 justitia,
353 1447 408 1511 sed
430 1463 486 1525 per
499 1462 534 1508 ae
546 1451 577 1507 et
589 1443 807 1525 principaliter
819 1442 931 1504 virtuti

143 1550 326 1632 religionis,
346 1554 442 1611 otest
463 1545 588 1626 specics
606 1544 781 1626 sacrilegii.
811 1544 861 1607 Ob
879 1557 931 1606 so·

140 1654 207 1717 lam
230 1653 416 1734 parvitatem
443 1646 583 1711 materie
625 1661 690 1710 non
722 1650 826 1726 potest
858 1660 931 1708 esse

140 1757 273 1824 retriale
289 1759 424 1817 tantum.

222 1894 469 1972 §lb-Quanam
491 1905 506 1946 a
537 1889 652 1946 uvvvovain
683 1896 826 1945 excusent.

182 2013 249 2074 Sex
265 2007 405 2072 maxime
425 2010 657 2070 enumerantur
672 2002 787 2083 capita,
805 2017 845 2065 ex
858 2001 933 2082 qui·

144 2114 211 2176 bus
230 2109 318 2174 datio
334 2107 382 2171 rei
406 2105 591 2186 temporalis
614 2104 782 2168 occasione
800 2101 847 2166 rei
861 2100 931 2182 spi-

141 2209 274 2275 ritualis
289 2215 496 2274 excusatura
513 2204 661 2268 simonie
677 2211 816 2284 peccato.

87 2387 88 2390 Ἴ
183 2315 213 2378 i.
238 2311 272 2376 Si
289 2307 464 2390 temporale
481 2324 538 2387 pro
561 2304 735 2386 spirituali,
755 2311 810 2367 aut
823 2313 932 2367 contra

142 2413 282 2478 omnino
298 2411 396 2492 gratis
407 2410 480 2474 sine
494 2406 564 2472 ullo
582 2405 749 2488 explicito,
774 2412 805 2469 et
819 2403 932 2486 impli-

140 2515 210 2579 cito
226 2521 315 2593 pacto
330 2511 434 2573 datar.

184 2616 227 2679 ll.
250 2611 282 2676 Si
299 2619 370 2692 pcst
384 2616 550 2690 acceptum
562 2606 729 2684 spirituale
743 2604 836 2670 datur
854 2613 934 2670 tem·

141 2710 266 2796 parole,
283 2718 339 2773 aut
356 2717 465 2772 contra
488 2722 528 2770 ox
540 2703 736 2786 gratitudine
751 2702 791 2766 ad
813 2700 935 2766 satisfa-

143 2813 301 2876 ciendum
324 2805 514 2886 obligationi
533 2803 716 2869 antidorali.

183 2913 240 2977 ill.
253 2912 285 2974 Si
298 2909 483 2989 temporale,
495 2908 583 2989 quod
595 2907 689 2970 datur
703 2902 860 2966 ministris
877 2903 937 2964 lic-

138 3012 256 3078 ctesias
272 3025 330 3090 pro
354 3005 634 3072 administratione
649 3010 933 3076 sacramentorum,

143 3113 334 3196 prontissis,
346 3103 934 3184 ctaliislunctionibusspiritualibus,

141 3216 266 3280 iisdem
276 3213 372 3276 detur
385 3227 441 3290 por
452 3211 584 3272 modum
601 3203 770 3286 stipendii,
786 3203 936 3268 adbonc-

144 3326 229 3378 stam
252 3311 383 3374 illerum
402 3306 709 3370 sustentationem...

188 3416 243 3478 li'.
272 3412 304 3475 Si
326 3410 417 3483 dans,
444 3407 491 3470 vel
510 3404 674 3484 accipiens
692 3401 859 3482 spirituale
879 3416 936 3482 pro

144 3509 316 3595 temporali
345 3508 465 3571 laborat
487 3503 668 3586 ignorantia
683 3501 867 3566 invincibili
886 3500 937 3565 vel

143 3615 236 3688 iacti,
257 3611 332 3695 qaia
357 3627 422 3674 non
446 3607 584 3672 advertit
604 3623 670 3669 rem
687 3605 768 3668 bruc
782 3621 854 3668 esse
869 3603 938 3684 spi·

146 3715 314 3790 ritualevn,
333 3710 381 3774 vel
395 3709 494 3789 iuris,
514 3707 589 3771 dum
606 3723 671 3769 non
688 3705 852 3768 existimat
866 3703 936 3766 illi-

144 3819 245 3882 citam
261 3830 333 3879 esse
348 3809 528 3893 pactionem
547 3804 726 3886 spiritualis
741 3820 798 3885 pro
816 3810 938 3884 tempo·

145 3917 223 3983 rali.

189 4008 938 4087 V.Sidetorsuiumadredimcndaminjustom

146 4137 277 4188 vexant.
295 4119 511 4200 (Soumateon.
528 4113 574 4176 Dc
590 4111 743 4188 Sivnopia,
762 4128 794 4174 u.
811 4108 874 4188 18.)

280 4258 296 4332 ᾖ
316 4259 409 4316 lll.-
421 4255 574 4327 Quotuplex
593 4254 630 4311 sit
652 4254 778 4311 simonia.

983 742 1132 819 saurarii,
1149 743 1291 807 sacriste
1302 750 1333 807 et
1348 743 1479 820 similia,
1495 748 1683 826 quetameu
1695 749 1772 806 suot

984 861 1036 906 res
1053 861 1139 908 mere
1155 844 1361 926 temporales.

1022 941 1063 1006 ll.
1089 943 1228 1026 Utraque
1257 943 1396 1009 simonia
1416 942 1634 1008 subdividitur
1664 941 1698 1004 in
1720 942 1772 1004 in·

982 1051 1114 1120 ternam,
1138 1063 1211 1127 quse
1234 1046 1268 1110 in
1289 1045 1358 1110 sola
1390 1053 1515 1120 mente,
1544 1043 1614 1108 sire
1642 1042 1770 1106 interno
1856 1123 1864 1132 ¹

982 1145 1082 1208 animi
1098 1147 1264 1227 proposito
1274 1145 1494 1212 committendi
1507 1145 1678 1209 simoniam
1694 1160 1771 1208 con·
1845 1165 1849 1172 ·

983 1235 1093 1318 sisiit3
1111 1254 1142 1308 et
1157 1245 1191 1309 in
1207 1255 1379 1322 estunam,
1404 1263 1476 1328 que
1493 1244 1527 1308 in
1541 1251 1647 1308 actum
1662 1249 1774 1308 exten·

984 1347 1157 1410 numcxit.
1615 1333 1622 1348 '

1022 1450 1081 1515 tlt.
1109 1449 1255 1514 simonia
1285 1459 1417 1511 caterno
1439 1447 1556 1512 iterum
1587 1445 1771 1511 subdividi·

983 1561 1036 1616 tur
1052 1551 1085 1615 in
1100 1551 1263 1614 mentalem
1283 1557 1314 1614 et
1329 1550 1606 1614 conceptionalem.

1022 1655 1077 1718 lV.
1107 1651 1250 1717 stpapta
1281 1650 1426 1715 mentulis
1455 1649 1611 1714 committi
1642 1647 1772 1725 dicitur,

983 1755 1126 1837 quando,
1147 1753 1240 1818 nullo
1256 1752 1494 1818 interveniente
1509 1757 1601 1832 pacto
1618 1762 1772 1828 expresso

989 1858 1034 1922 vel
1049 1858 1219 1929 incitares
1234 1855 1414 1936 sptritualis
1429 1853 1463 1917 in
1477 1851 1772 1932 compensationem

985 1958 1183 2039 temporalis,
1195 1967 1249 2020 aut
1264 1956 1330 2020 baec
1345 1963 1475 2037 propter
1488 1971 1555 2018 rem
1571 1951 1772 2034 spiritualem

984 2065 1142 2141 acceptam
1163 2057 1258 2140 quasi
1278 2074 1319 2120 ex
1342 2055 1450 2119 debito
1469 2057 1573 2119 datur.
1602 2054 1648 2117 lta
1670 2053 1772 2115 simo-

986 2157 1097 2222 niacas
1112 2157 1248 2222 efficitur
1263 2156 1320 2236 qui
1340 2155 1476 2219 inservit
1492 2157 1656 2237 episcopo,
1680 2153 1773 2218 nullo

985 2259 1119 2340 quidem
1135 2267 1238 2338 pacto,
1261 2258 1310 2323 vel
1326 2259 1541 2323 conventione
1557 2266 1686 2321 externa
1701 2266 1774 2320 ver-

988 2360 1051 2435 bis,
1069 2360 1117 2424 vel
1137 2359 1241 2441 signis
1255 2359 1348 2434 iacta,
1365 2375 1403 2423 eo
1420 2370 1525 2423 tamen
1541 2359 1661 2435 avvimo,
1677 2366 1709 2422 et
1723 2359 1774 2422 in·

988 2463 1147 2538 tentione,
1165 2467 1200 2525 nt
1216 2475 1273 2541 pro
1292 2461 1439 2525 mercede
1454 2461 1484 2524 ei
1507 2459 1648 2523 conferat
1671 2461 1772 2523 bene-

986 2563 1110 2638 ficium3
1129 2562 1205 2626 item
1220 2562 1392 2625 simoniam
1416 2562 1585 2624 mentalem
1605 2561 1775 2624 committit

986 2662 1045 2746 qui
1063 2679 1098 2727 se
1122 2660 1325 2727 commendat
1342 2677 1399 2742 pro
1414 2659 1597 2736 collatione,
1612 2660 1663 2725 vel
1689 2679 1774 2740 prae-

986 2764 1166 2828 sentatione
1183 2771 1214 2827 et
1239 2761 1337 2825 simul
1358 2779 1415 2842 per
1435 2779 1482 2839 se,
1512 2762 1561 2826 vel
1591 2780 1648 2842 per
1673 2761 1774 2827 alium

987 2863 1132 2927 collatori
1169 2864 1262 2927 oliort
1292 2862 1417 2944 aliquid
1449 2861 1624 2944 temporale
1652 2863 1775 2944 absque

989 2962 1057 3026 uilo
1081 2971 1184 3042 pacto,
1209 2962 1268 3027 hac
1292 2971 1398 3026 tomen
1420 2962 1548 3027 interna
1573 2963 1775 3042 intentione,

988 3063 1062 3138 dne,
1081 3071 1114 3127 ct
1133 3063 1258 3138 animo,
1284 3069 1321 3127 ut
1340 3063 1459 3127 intuitu
1479 3063 1572 3128 illius
1591 3063 1775 3128 collatorem

990 3171 1128 3240 moveat,
1143 3171 1174 3228 et
1189 3163 1311 3246 obliget
1331 3163 1370 3226 ad
1387 3162 1617 3228 eonferendum
1634 3163 1696 3227 sibi
1713 3181 1777 3245 pro

988 3267 1062 3332 aliis
1077 3265 1282 3331 beneficium.
1303 3265 1484 3330 Deducitur
1504 3283 1545 3330 ex
1565 3266 1694 3331 decreto
1718 3266 1775 3328 ln-

989 3366 1133 3430 nocentii
1150 3367 1207 3442 XI,
1239 3366 1296 3430 ubi
1325 3369 1411 3430 inter
1440 3364 1630 3445 prohibitas,
1657 3383 1691 3428 n.
1717 3363 1777 3440 tt,

990 3465 1087 3530 relect
1122 3470 1314 3546 sequentem
1364 3467 1619 3546 propositionem
1654 3488 1661 3528 ε
1694 3467 1776 3527 liare

990 3565 1160 3647 temporale
1179 3583 1241 3646 pro
1270 3565 1437 3645 spirituali
1464 3584 1529 3627 pop
1548 3573 1592 3627 est
1615 3565 1777 3642 simonia,

988 3667 1019 3729 si
1047 3664 1217 3746 temporale
1244 3683 1310 3727 pop
1331 3663 1428 3728 datur
1447 3676 1595 3746 tanquam
1616 3667 1776 3744 pretium,

990 3765 1045 3828 red
1071 3775 1217 3846 tanquam
1238 3767 1389 3828 motivum
1413 3765 1613 3847 conferendi,
1641 3767 1691 3830 ccl
1711 3767 1779 3848 espi-

991 3865 1096 3929 ciepdi
1120 3866 1305 3945 spirituale.

1030 3969 1070 4031 V.
1098 3969 1291 4048 Plerumque
1311 3967 1451 4033 simonia
1480 3969 1628 4033 mentalis
1653 3973 1780 4036 contin·

991 4065 1037 4148 git
1054 4081 1093 4129 ex
1109 4073 1197 4146 parte
1216 4065 1362 4130 dantium
1380 4072 1518 4141 tantum3
1539 4066 1616 4148 qnia
1643 4067 1785 4131 intentio

992 4184 1087 4248 prava
1109 4167 1218 4230 animo
1246 4167 1423 4245 retinetur5
1443 4174 1547 4246 potest
1570 4174 1676 4232 tamon
1700 4185 1780 4232 con·

992 4270 1116 4350 tingere
1139 4267 1235 4331 etiam
1263 4284 1304 4330 ex
1330 4277 1417 4348 parta
1444 4267 1629 4349 utriusque,
1655 4270 1783 4336 scilicet

191 4377 216 4441 l.
236 4373 364 4454 Duplex
379 4380 440 4448 est,
466 4387 531 4434 una
547 4368 632 4449 juris
660 4366 814 4432 naturalis
839 4376 870 4431 et
892 4369 941 4431 di-

146 4479 232 4552 vini,
248 4475 346 4539 altera
357 4473 442 4555 juris
465 4470 594 4550 positivi
607 4467 827 4534 ecelesiastici.
838 4471 942 4532 Simo·

148 4581 205 4644 ania
226 4577 315 4658 juris
339 4570 497 4637 naturalis
520 4580 577 4633 aut
602 4569 704 4634 diuini
716 4567 939 4645 comnaittitur,
994 4567 1219 4642 conventione,
1237 4567 1267 4630 si
1284 4565 1406 4630 scilicet
1425 4578 1561 4648 uterque
1577 4568 1690 4632 habeat
1705 4587 1780 4649 pra·

148 4677 282 4761 quando
301 4692 401 4756 prore
418 4669 585 4751 temporali
598 4673 691 4734 datur
702 4687 753 4734 res
765 4669 805 4733 de
818 4686 852 4732 se
867 4687 940 4734 vere
996 4688 1069 4733 vum
1083 4667 1239 4741 animum,
1263 4673 1294 4731 ct
1310 4674 1426 4732 neuter
1451 4667 1536 4734 latino
1550 4670 1653 4751 signis
1669 4679 1779 4736 exter-

149 4775 343 4860 spiritualis,
361 4782 415 4839 ant
434 4773 511 4836 huic
535 4789 671 4849 annexa,
700 4772 745 4835 uti
770 4778 819 4835 est
841 4771 941 4853 gratia
994 4754 1257 4835 nis'sufficienter
1273 4770 1466 4834 manilestet.

150 4879 365 4952 sanctificans,
377 4881 409 4937 et
425 4874 496 4936 aliae
510 4874 609 4955 gratis
624 4873 716 4946 date,
732 4882 940 4946 sacramenta,
1034 4872 1088 4934 Vl.
1112 4871 1255 4935 Sinonia
1270 4872 1520 4934 conceptionalis
1550 4873 1780 4948 committitur,

150 4977 368 5050 consecratio,
398 4971 593 5046 benedictio,
614 4969 762 5046 ecclesia,
787 4971 837 5034 vel
859 4971 943 5034 calix
995 4969 1125 5054 qttando
1140 4972 1313 5036 intercedit
1339 4972 1472 5053 aliquod
1499 4981 1630 5052 pactum
1647 4990 1780 5053 expres-

153 5069 942 5160 posteonsecrationem,ecclesiasticejarisdictio,
995 5089 1081 5149 svam,
1100 5072 1149 5136 vel
1167 5073 1317 5148 tacitam;
1333 5075 1513 5153 appellator
1535 5072 1782 5138 conceptionalis

152 5176 323 5257 spirituale
340 5173 494 5246 cilicium,
522 5181 583 5236 ete.
619 5173 694 5234 Haeo
720 5169 943 5251 propriissime
995 5191 1013 5235 a
1041 5173 1268 5250 conventione,
1297 5189 1394 5254 quam
1421 5174 1609 5252 superaddit
1636 5172 1784 5237 simoniae

153 5280 238 5342 dicta
254 5277 390 5341 simonia
406 5281 466 5352 est,
489 5283 519 5339 et
535 5273 565 5338 ci
584 5273 712 5352 proprie
728 5270 877 5336 convenit
890 5274 943 5338 de·
999 5272 1131 5351 mentali
1140 5291 1149 5349 3
1164 5281 1197 5336 ut
1211 5273 1382 5336 commissa
1398 5281 1569 5340 censeatur
1583 5291 1648 5338 non
1664 5273 1783 5336 sufficit
1821 5337 1824 5344 ,

154 5379 272 5444 lanitio.
298 5413 337 5425 -
366 5375 508 5441 simonia
533 5376 623 5458 juris
648 5373 858 5438 ecclesiastici
885 5381 944 5451 cst,
998 5371 1065 5437 sola
1081 5373 1313 5456 promissiorei
1331 5373 1511 5454 spiritualis
1530 5374 1783 5456 protemporali,

154 5481 286 5566 quando
320 5497 382 5542 una
407 5495 458 5542 res
483 5476 677 5558 spiritualis,
702 5485 756 5539 aut
782 5477 944 5558 spirituali
997 5471 1051 5536 aaut
1067 5473 1300 5550 vicissim,sed
1321 5491 1359 5536 ea
1373 5473 1545 5554 promissio
1569 5475 1663 5539 etiam
1688 5474 1815 5540 debst¹

157 5601 286 5648 annexa
310 5583 403 5644 datur
431 5597 487 5661 pro
511 5579 573 5643 alia
594 5579 773 5660 spirituali,
799 5585 853 5642 aut
869 5579 946 5644 huie
999 5593 1070 5640 esse
1095 5593 1114 5638 a
1140 5573 1349 5656 promissorio
1376 5582 1560 5655 acceptata:
1589 5576 1705 5639 namsi
1730 5591 1785 5640 aa·

154 5701 294 5760 annexa,
309 5682 413 5762 qualis
429 5679 637 5746 committitur
652 5697 696 5744 ex
711 5679 946 5760 permutatione
999 5683 1121 5757 ceptata
1150 5692 1214 5741 non
1241 5679 1305 5752 sit,
1335 5696 1400 5744 nou
1429 5677 1702 5752 conventionalis,
1728 5677 1787 5741 sed

158 5783 387 5848 beneficiorum
409 5781 707 5847 ecclesiasticorum
731 5779 861 5862 propriu
886 5795 945 5842 au·
1001 5775 1149 5841 mentalis
1184 5777 1338 5842 duntaxat
1362 5779 1444 5858 evit;
1469 5779 1524 5846 sod
1552 5785 1658 5863 potest
1684 5775 1786 5856 accipi

158 5887 302 5952 ctoritate
319 5885 411 5964 iacta,
433 5891 463 5949 et
479 5884 512 5950 in
528 5885 797 5966 resignationibus
816 5883 946 5949 illorum
1000 5880 1104 5957 tacite,
1134 5877 1185 5946 vel
1210 5895 1375 5959 expresse.

992 4367 1147 4432 tradentis
1164 4384 1231 4430 rem
1246 4367 1453 4446 temporalem
1477 4383 1595 4434 exuna
1620 4376 1723 4450 parte,
1749 4375 1784 4432 et

993 4485 1060 4532 rem
1074 4466 1276 4547 spiritualem
1295 4484 1334 4529 ex
1349 4465 1464 4543 altera,
1476 4469 1532 4532 sed
1560 4485 1648 4543 casu,
1668 4477 1699 4532 et
1714 4484 1783 4538 non
