4004 6458
116 408 162 475 iii
305 399 403 464 Plus
420 399 455 463 V.
475 399 524 462 DE
543 393 722 461 sonicite.
746 421 781 434 -·
800 391 875 457 nte.
896 391 983 458 1111.
1005 387 1056 456 llll
1074 393 1264 458 ECCLESIAE
1282 390 1507 456 Ponnsntnn.
1656 393 1711 462 iffi
1825 427 1827 432 ’

108 515 201 589 minati
227 513 440 582 eeclesiastico
480 513 682 577 instituendo
704 519 736 577 et
758 529 878 594 prose--
923 512 981 594 qni
1003 513 1038 577 in
1056 513 1278 578 criminalibus
1297 520 1428 578 rocatm
1449 506 1629 576 uccusut'cr.
1648 517 1712 580 Sel

108 622 220 703 prendo
245 613 404 686 tenendus
430 616 466 676 'l·
498 613 538 677 do
560 611 666 692 ipsius
696 627 867 694 processus
920 615 956 679 iu
988 615 1213 680 criminalibus
1246 623 1280 678 ot
1308 615 1412 696 judex
1444 631 1574 678 cansam
1605 615 1714 678 disen-

108 727 197 796 etitn‚
231 733 287 781 seo
309 713 455 794 iudiciali
484 715 657 788 sententia,
683 721 715 778 ei
740 715 871 784 demum
920 718 978 782 ttat
1006 725 1037 782 et
1060 717 1251 780 sententiam
1273 713 1496 793 ierut,sulllcit
1526 714 1609 779 lame
1631 717 1716 779 elren

109 829 141 891 de
164 820 238 884 lorte
267 813 454 893 interposita
481 814 521 877 ult
549 830 586 877 ea
614 811 849 894 appellatione.
921 817 1076 882 delictum
1109 835 1235 896 sparsa,
1267 835 1341 898 que
1364 825 1415 881 est
1450 825 1482 880 et
1511 817 1575 880 dici
1610 825 1717 898 petest

405 977 520 1039 CAPUT
537 977 548 1032 Ι
909 923 1144 1002 ¹pertesi-octor.
1169 919 1221 984 Sic
1239 921 1325 984 enim
1342 921 1484 984 decrevit
1506 919 1717 982 innocentius

374 1093 381 1106 ,
549 1015 560 1034 ⁶
599 1093 606 1107 .
928 1019 1143 1084 illincene.
1170 1023 1391 1085 Lateranan:
1421 1017 1718 1097 lulli‚cap.Quc-

314 1093 354 1158 θ’
365 1101 477 1166 '‘im“
486 1101 644 1166 imum·
926 1120 1000 1182 liter
1015 1128 1044 1181 et
1058 1119 1184 1201 quondo
1200 1120 1255 1190 ut,
1270 1123 1435 1184 neurus.
1451 1121 1516 1184 ibi:
1528 1117 1600 1184 Neu
1615 1119 1719 1182 colum

211 1210 263 1284 ii·
284 1238 321 1260 ἰ·
341 1208 412 1275 mir
430 1208 467 1266 sit
487 1206 620 1279 fficium
636 1204 757 1263 illim·
926 1220 1185 1295 contunditur,
1211 1239 1321 1283 cerum
1352 1223 1445 1284 etiam
1478 1241 1547 1282 cum
1566 1219 1720 1301 prolutus

139 1325 247 1391 indicii
280 1323 413 1386 nomine
452 1319 544 1400 pluro
584 1322 739 1398 veniunt,
783 1321 875 1386 valde
927 1321 1070 1397 excedit,
1089 1324 1119 1386 si
1137 1321 1375 1403 perclamoreut
1397 1319 1552 1406 etsorieent
1578 1322 1722 1384 odcures

108 1431 142 1494 alu
176 1422 310 1487 inmcem
358 1420 530 1483 distincta.
578 1419 743 1498 Significat
790 1421 876 1484 enim
928 1423 1107 1502 superioris
1121 1421 1557 1503 pervenerit...deltetccrcm
1576 1423 1724 1485 Ecclesice

156 1530 189 1589 l·
215 1523 338 1604 ingenii
383 1522 627 1596 rectitudinem,
667 1539 704 1586 nc
744 1523 878 1586 rutionis
927 1525 1106 1587 senioribus
1128 1525 1490 1605 veritatemdilipentt'us
1514 1527 1722 1604 perscrutari,

107 1643 209 1693 nsum.
230 1657 267 1676 «-
280 1625 321 1686 2·
337 1622 486 1686 Ultimum
512 1623 728 1687 voluntatem.
744 1625 801 1706 (G.
819 1641 878 1703 pe·
928 1635 966 1688 ut
988 1625 1034 1708 (si
1046 1625 1093 1689 rei
1105 1627 1291 1708 poposcerit
1309 1625 1467 1710 qualitas)
1492 1627 1645 1688 cononice
1659 1624 1725 1688 dis·

107 1728 185 1792 noll.
205 1726 248 1787 De
273 1724 515 1805 sepulturu‚lc
537 1725 573 1786 6.
591 1725 881 1789 -euurisdiulu
931 1729 1040 1792 triclio
1090 1729 1216 1809 culpem
1267 1731 1365 1808 feriol
1401 1726 1628 1808 delinqueretur
1662 1747 1726 1789 nou

107 1847 169 1893 nem
197 1834 228 1889 el
262 1834 451 1905 potestatem
499 1824 723 1914 judiciariam.
763 1827 818 1910 (ct
840 1829 879 1904 Ξ,
932 1837 1080 1910 tanquam
1109 1828 1190 1892 idem
1219 1831 1262 1893 sil
1290 1839 1458 1892 accusator
1483 1838 1513 1891 et
1529 1828 1727 1910 juden‚sed

106 1925 272 2011 dejudic.)
301 1961 341 1973 -
358 1927 534 1990 tinorum
565 1928 673 2007 ipsum
692 1928 811 2008 jttdicii
828 1929 880 2012 (ss.
931 1929 1023 2008 puori
1051 1926 1255 1991 denuntiante
1284 1931 1384 2008 [cmc.
1412 1927 1462 1990 uel
1479 1928 1634 2010 deserente
1663 1929 1728 1991 clu-

107 2031 161 2094 nlt.
177 2031 219 2093 De
241 2031 359 2110 cotti.)
385 2061 424 2074 -
444 2030 479 2092 tt⁰
506 2030 704 2092 Sententiam
739 2030 879 2114 judicis.
932 2049 1035 2106 more,
1063 2031 1163 2109 officii
1185 2031 1236 2092 tui
1261 2029 1400 2092 deditum
1423 2039 1624 2111 exsequatur.

106 2127 882 2212 (li.i,lieoppell.)-6⁰Actioneminjudioio
979 2131 1040 2193 lv.
1074 2130 1266 2210 Reqniritur
1310 2148 1384 2192 reus
1425 2129 1459 2192 id
1502 2137 1549 2193 est
1590 2146 1728 2210 persono

106 2238 227 2296 motam.
256 2233 296 2294 c.
316 2233 352 2306 i,
370 2231 415 2293 De
434 2231 591 2312 produt.)
620 2233 710 2294 -'l·
733 2235 883 2310 nemum,
933 2245 1027 2312 qnam
1055 2237 1142 2293 actor
1166 2230 1331 2293 contendit
1351 2229 1401 2292 rel
1435 2227 1556 2291 crimen
1586 2237 1728 2308 petresse

106 2333 181 2414 quoti
211 2339 259 2396 est
279 2331 380 2414 hujus
416 2331 687 2414 libriobjcctum‚
721 2332 883 2414 judicium
933 2327 1123 2410 velaliqnid
1147 2330 1268 2412 injuste
1291 2329 1569 2410 denegaremus
1596 2337 1728 2392 vocator

104 2431 484 2508 lorense;ethocdetlniri
505 2431 885 2513 solettiepitimcecusc
934 2451 974 2498 eo
1007 2437 1094 2516 quod
1128 2435 1167 2498 nb
1187 2436 1255 2516 ipsa
1285 2443 1340 2498 aut
1383 2441 1493 2498 contra
1536 2434 1639 2512 ipsam
1663 2451 1728 2509 rer,

105 2531 374 2592 intercurrentes
394 2541 708 2593 reumccutrocersoe
727 2531 883 2615 perjudi-
935 2538 975 2600 de
1003 2552 1066 2617 que
1101 2534 1292 2616 disceptatio
1328 2543 1395 2612 est,
1428 2551 1445 2598 a
1476 2535 1586 2616 judice
1618 2541 1730 2615 postu·

105 2646 160 2689 un
182 2631 264 2710 [sets
287 2629 443 2692 discussio
473 2637 503 2691 et
537 2630 694 2709 depict'tio.
723 2634 787 2695 Aul
811 2633 884 2696 nliis
936 2639 1036 2702 lotor.

105 2729 884 2809 terminisjcdiciomnonmnledelinitur:0rdo
974 2739 1235 2822 v.lleqnirltor
1263 2739 1391 2802 lendum
1432 2737 1471 2800 ad
1505 2735 1637 2818 proprie
1680 2735 1733 2798 dl-

98 2828 886 2914 itllvirrittouvcoremiudicecompetentecauso
936 2849 1023 2906 uum
1046 2839 1509 2922 constituendumjuoicium,
1538 2857 1638 2901 cause
1661 2839 1731 2902 otr-

106 2939 302 2992 controuerso
342 2931 530 3010 disceptatio
572 2933 658 2995 iuter
690 2944 827 2995 ueterem
859 2943 889 2997 et
936 2944 1073 3024 ceptotc'o
1104 2959 1164 3005 seu
1187 2939 1361 3010 discussic,
1382 2941 1414 3003 id
1437 2948 1486 3003 est
1504 2946 1539 3002 ol
1567 2936 1733 3020 prolecto·

102 3045 181 3093 tunt
197 3033 735 3113 lepitimeperupltur‚utsententio
750 3034 888 3116 lisputa—
936 3045 989 3102 tur
1011 3041 1152 3104 rutiones
1167 3042 1284 3103 ectcris
1314 3041 1355 3101 ad
1380 3039 1578 3118 probandam
1614 3045 1731 3117 postu-

104 3135 654 3215 turtureuumeulpuerutuatur.
937 3141 1068 3206 lationis
1102 3159 1169 3205 suae
1198 3141 1380 3221 justitiam,
1413 3146 1445 3202 ct
1492 3141 1543 3202 liet
1587 3155 1643 3202 reo
1682 3139 1731 3203 eis

138 3237 180 3296 lix
210 3234 474 3298 duodennitione
499 3235 539 3298 ad
569 3235 743 3300 essentiam
768 3235 886 3318 judicii
937 3244 1158 3323 respondendi
1184 3249 1214 3304 el
1240 3260 1312 3304 sese
1347 3241 1542 3305 defendendi
1582 3239 1729 3314 incultas,

101 3335 231 3402 lorensis
250 3339 448 3418 requiritur:
938 3362 1003 3418 non
1034 3353 1140 3408 eutem
1167 3351 1203 3408 ut
1224 3345 1264 3407 de
1295 3343 1378 3406 iacto
1407 3361 1479 3406 sese
1511 3340 1731 3406 deiendalvol

136 3439 164 3501 l.
188 3440 224 3501 lit
246 3441 531 3520 sitprouuutiatio
558 3440 648 3504 deep
679 3441 764 3523 quod
789 3444 888 3509 alicui
938 3451 1136 3524 comparente
1178 3444 1206 3506 si
1244 3443 1330 3506 enirn
1375 3459 1450 3504 reus
1484 3443 1524 3504 ad
1570 3443 1732 3521 judicium

101 3541 222 3620 eujure
248 3539 398 3604 deletur.
431 3543 635 3623 Quocunque
654 3546 741 3607 enirn
771 3549 887 3624 modo,
939 3555 1069 3608 rocetos
1097 3544 1139 3606 sit
1170 3551 1353 3611 contumax,
1374 3540 1408 3602 id
1436 3549 1503 3612 est,
1537 3541 1650 3603 venire
1680 3559 1732 3602 re·

100 3647 129 3701 et
154 3658 171 3704 a
196 3659 391 3724 quecunque
419 3660 556 3723 persona
587 3645 710 3726 aliquid
739 3663 887 3727 pronun·
939 3650 1044 3713 cosei,
1074 3641 1133 3704 hec
1155 3639 1224 3720 ipse
1261 3639 1376 3720 agendi
1408 3639 1532 3702 ratione
1557 3641 1730 3718 respondet

101 3741 207 3818 tietnr,
226 3743 256 3806 si
274 3743 433 3806 sententie
455 3743 579 3809 leretur
601 3747 642 3809 de
670 3747 732 3810 alin
753 3767 788 3811 re
814 3767 890 3828 prce·
940 3751 971 3808 ct
1001 3743 1135 3819 iotetnr,
1157 3759 1228 3803 sese
1253 3740 1342 3802 omni
1374 3737 1491 3802 efficaci
1525 3740 1727 3804 defensionis

100 3847 297 3923 terqnemde
326 3860 367 3908 eo
394 3845 482 3927 qnod
512 3845 608 3910 alicui
632 3864 671 3912 ex
696 3848 786 3930 jure,
821 3849 889 3920 sire
941 3845 1050 3908 medio
1085 3842 1235 3915 destitui3
1266 3859 1339 3924 qum
1380 3832 1551 3920 responsio
1590 3843 1628 3904 ed
1678 3859 1734 3906 re-

100 3957 200 4021 pmna,
229 3946 302 4010 sire
332 3949 518 4024 commodo,
546 3947 697 4026 debetur,
725 3949 889 4030 judicium
942 3947 1094 4028 quisitem
1112 3963 1156 4008 ex
1188 3953 1277 4026 perte
1307 3943 1352 4006 rei
1386 3959 1495 4006 carnem
1521 3943 1736 4021 disceptatio-

101 4045 263 4108 ncnerit.
942 4067 1017 4112 uem
1056 4047 1150 4128 plene
1192 4045 1325 4120 sullicit;
1368 4064 1444 4108 cnm
1485 4044 1580 4107 aliter
1627 4052 1736 4123 posset

139 4144 183 4207 lt.
212 4145 405 4226 Requiritur
428 4155 464 4211 nt
493 4147 681 4229 huiusmodi
704 4151 892 4229 pronuntia·
939 4149 1107 4233 judicialis
1129 4145 1366 4212 administratio
1391 4145 1559 4227 iustitiaea
1591 4145 1738 4226 quolibet

100 4244 142 4306 iil)
159 4243 359 4326 ilalajudt'ce
376 4245 628 4324 dompeietliestli
652 4253 734 4308 esic
755 4264 892 4327 persona
943 4271 999 4319 reo
1017 4251 1184 4334 ppaepedipi
1209 4249 1380 4314 mir-pilam
1399 4247 1469 4312 fleri
1495 4245 1619 4327 judicis
1649 4251 1738 4336 pole.

99 4345 310 4428 cdjustt'tictu
337 4346 511 4428 [edendnm
537 4345 672 4426 lepitime
699 4350 890 4423 constituto,
943 4361 1075 4426 statem,

99 4465 168 4527 que
185 4459 426 4528 consequenter
448 4456 638 4525 potestatem
662 4447 760 4511 simul
776 4449 891 4512 habeat
983 4457 1102 4516 Preter
1125 4449 1271 4530 quinique
1291 4453 1493 4511 enumeratas
1513 4445 1736 4522 conditiones,

99 4567 154 4613 sua
178 4549 327 4633 judicata
360 4551 398 4613 ad
431 4549 673 4613 exsecutionem
690 4537 890 4612 deducendi.
944 4547 1115 4614 nnllaelio
1132 4545 1363 4628 requisiturae
1383 4545 1648 4610 constituendum
1668 4562 1740 4628 pro·

98 4650 185 4713 Unde
216 4649 303 4713 idem
330 4656 379 4713 est
415 4649 557 4729 uliquem
590 4649 627 4711 nd
654 4647 814 4728 justitium
843 4647 892 4724 la·
944 4649 1015 4730 prie
1031 4650 1152 4712 dictum
1167 4648 1202 4714 in
1220 4647 1351 4710 motoria
1365 4646 1486 4709 lorensi
1499 4631 1674 4727 judiciumss
1699 4661 1740 4709 cx

97 4749 243 4814 ciendam
274 4749 501 4826 constitni‚et
522 4748 675 4813 constitui
706 4765 778 4812 cum
807 4756 894 4826 pote·
944 4747 1093 4811 unanimi
1121 4749 1288 4812 doctorum
1316 4755 1349 4808 et
1371 4745 1634 4834 jurisperitorum
1659 4759 1739 4808 con·

98 4857 174 4914 state
193 4851 337 4932 judicata
352 4849 460 4914 snaed
477 4849 893 4913 exsecutioncmdcducen·
946 4867 1046 4914 sensu
1064 4856 1095 4913 et
1110 4849 1207 4914 etiem
1230 4867 1270 4912 ex
1291 4851 1415 4913 retlone
1441 4857 1472 4911 et
1490 4847 1564 4928 jure
1580 4842 1738 4923 naturali,

96 4949 146 5013 di.
166 4953 205 5015 Bt
227 4953 285 5032 qai
318 4951 414 5014 talem
444 4959 634 5030 potestatem
666 4969 731 5014 non
763 4953 895 5026 heberet
947 4951 1034 5030 quod
1051 4949 1249 5014 estretionis
1267 4951 1438 5014 dictamen.

98 5067 160 5115 ⁰⁰¹¹
192 5061 282 5116 ⁰⁵⁸0i
310 5069 386 5116 im
407 5060 438 5115 0¹
469 5051 603 5131 ΡΓΟΡΓῘθ
625 5051 751 5140 inim·
848 5071 850 5076 ’
946 5075 1336 5150 pll.-tudlctirtitterrntta
1362 5092 1377 5131 c
1401 5071 1741 5144 quasticnuiitcctnstt

135 5153 403 5234 lll.iieqnirilur
417 5155 625 5226 etiam‚nln
635 5153 746 5234 judice
769 5171 897 5234 compe·
1017 5153 1020 5160 ’
1251 5146 1438 5202 erinstuntla.
1525 5145 1532 5158 ’
1649 5163 1653 5172 “

98 5257 188 5317 lente
221 5254 338 5336 clipuic
351 5262 459 5335 petat,
490 5257 539 5318 rel
569 5255 611 5321 de
637 5257 810 5320 commodo
832 5257 895 5320 sibi
989 5261 1115 5325 «lites
1128 5259 1316 5324 delinitione
1330 5260 1512 5340 penloante
1529 5257 1642 5323 tradite
1657 5247 1741 5340 pet‘et

95 5371 134 5423 (tx
152 5355 231 5435 iure
255 5355 384 5431 debito,
406 5357 457 5424 vel
471 5355 522 5425 -de
539 5373 632 5436 pmna
653 5355 746 5418 alteri
761 5375 799 5420 ex
821 5358 895 5439 jure
949 5361 1004 5446 (uit
1020 5361 1348 5442 schmelzgruelterin
1361 5361 1408 5422 tit.
1425 5379 1448 5432 r,
1466 5360 1520 5424 lib.
1538 5378 1561 5422 n
1581 5357 1738 5422 Decretcl.

96 5455 219 5536 puriter
245 5456 369 5532 debite,
396 5457 590 5520 sententiam
612 5457 765 5536 prolerri.
795 5461 895 5530 Serus
948 5479 981 5526 n.
1004 5462 1040 5525 3.
1060 5457 1181 5542 judicii
1203 5458 1335 5524 nomine
1357 5460 1445 5523 venit
1467 5451 1742 5522 controuersireet

91 5558 296 5641 juneneut
328 5560 515 5639 pronuntiet
545 5560 586 5622 de
613 5577 652 5622 eo
680 5559 767 5640 qood
796 5561 894 5626 elicui
949 5557 1743 5648 questionisthuniciumdeductaetoteoiscos-

95 5677 135 5721 ex
160 5661 237 5741 jure
257 5659 407 5734 debetur,
430 5675 492 5722 non
512 5661 661 5738 procedet
681 5660 894 5741 judicialiter.
950 5663 1014 5736 sie,
1035 5677 1108 5740 qnae
1136 5661 1168 5723 lil
1189 5667 1220 5721 ct
1248 5660 1341 5723 duret
1366 5659 1555 5723 scitatione
1579 5657 1742 5738 usquead

96 5763 144 5823 nd
180 5759 346 5843 judicium
376 5775 452 5840 crgo
492 5759 603 5824 stricte
645 5770 810 5840 sumptum
841 5779 895 5825 re·
948 5755 1745 5842 sententiamouaestioestipsarestcljnscoir·

95 5863 241 5944 quiritur
267 5861 388 5945 aliquis
415 5877 434 5928 e
456 5859 567 5944 indice
598 5861 776 5951 distinctus
792 5873 897 5952 *octor
952 5873 1134 5934 trecensum
1153 5863 1241 5948 quod
1255 5862 1371 5930 deduci
1389 5863 1423 5928 ln
1437 5861 1598 5946 iodicium
1615 5851 1739 5944 potest:

31 1801 90 1966 il

1846 4531 1873 4596 ,t

1792 4952 1891 5004 „d
