4042 6458
104 384 157 448 lib
450 385 617 448 essesut.
637 388 687 450 DE
705 388 904 454 Ptusoltts.
919 415 956 430 ···
971 395 1046 458 tm.
1066 397 1119 458 tx.
1135 397 1184 460 tte
1204 399 1338 475 Ltlcts,
1356 401 1435 464 me.
1677 401 1730 467 tle

104 498 237 564 Cresius
265 504 296 560 et
325 496 381 560 alii
411 498 534 560 lulium
557 500 725 564 Cnserem.
749 503 896 584 lienique
937 507 1046 589 ,ullam
1064 513 1179 590 tegern,
1196 529 1254 574 nec
1274 513 1330 592 jus
1354 515 1475 591 dicore,
1494 517 1581 597 quod
1612 517 1731 598 obliget

103 599 191 677 apud
210 614 324 660 omnes
339 603 452 679 gentes
469 598 587 677 possim
601 601 751 664 maximis
761 603 897 666 leonori·
947 607 980 670 in
1011 609 1220 683 conscientia,
1244 628 1280 674 ac
1302 613 1438 692 proinde
1463 617 1633 678 sententie
1660 617 1730 696 ejus

104 697 167 760 bus
186 697 313 776 publice
328 696 432 760 adecti
448 703 536 772 sunt,
554 698 609 776 qui
636 699 716 762 tales
742 706 897 782 tyrannos
944 711 1021 767 sunt
1041 705 1150 778 irritae,
1174 714 1209 769 ut
1236 708 1357 771 dictum
1382 717 1431 774 est
1461 711 1495 773 r'u
1517 730 1585 791 nep.
1612 731 1733 793 prece-

104 798 307 862 occideruut.
344 796 440 876 (Vide
470 800 640 862 bassano.
668 799 707 862 ult
739 800 895 867 Alexand.
945 801 1264 868 denti-Attamen
1286 808 1731 891 qrrernrispeccctprincips-

105 897 162 962 lib.
178 917 228 970 ur,
243 915 272 961 c.
290 895 354 978 26.)
369 901 408 959 tt
425 898 598 976 posteriori
610 902 684 980 jure
701 917 767 964 non
793 911 897 980 potest
947 911 1013 966 turn
1024 903 1205 981 retinendo,
1225 917 1257 970 et
1274 907 1346 970 siue
1363 917 1519 988 potestate
1540 911 1730 990 judicendo',

104 996 209 1060 occidi
228 995 410 1078 equolibet
425 995 560 1075 privato,
581 998 637 1061 sed
653 999 693 1060 ab
707 1003 896 1064 auctoritate
946 1003 1045 1082 magis
1070 1012 1226 1082 peccaret,
1254 1007 1280 1067 si
1299 1011 1429 1086 quondo
1451 1027 1503 1073 res
1524 1012 1661 1090 postulat
1676 1011 1731 1090 jus

104 1095 246 1173 publice,
270 1103 304 1160 cl
327 1113 344 1158 e
375 1095 477 1158 milite
501 1105 676 1162 auctorato.
707 1099 797 1162 Retio
819 1100 897 1180 quia
944 1118 1010 1166 non
1032 1101 1164 1175 diceret,
1186 1111 1311 1169 retento
1327 1107 1521 1188 principatu,
1538 1110 1613 1189 quia
1631 1109 1731 1188 magis

104 1195 249 1260 vindicte
261 1195 398 1277 requirit
416 1199 650 1262 auctoritatem.
664 1201 753 1264 Unde
768 1199 802 1264 in
821 1217 896 1278 pecc
944 1209 1076 1266 noceret
1102 1202 1241 1278 civibus,
1258 1214 1290 1267 et
1306 1207 1458 1287 majorem
1475 1208 1627 1289 injuriam
1644 1209 1730 1272 irro-

103 1315 171 1361 non
189 1298 338 1374 infertur,
353 1299 418 1362 nisi
431 1317 488 1381 per
498 1303 691 1366 senteutiam
700 1302 847 1384 judicie;
863 1303 896 1368 in
944 1309 1033 1382 galal
1051 1301 1158 1365 :sicul
1170 1303 1226 1382 qui
1244 1320 1311 1365 rem
1329 1305 1468 1368 alienum
1484 1307 1620 1380 bellilei,
1636 1317 1668 1369 el
1694 1323 1730 1368 0⁸

103 1399 194 1463 bello
209 1399 275 1462 nisi
294 1418 352 1480 per
368 1400 531 1467 milites.»
944 1401 1056 1475 utitur,
1085 1410 1194 1482 peccat
1219 1405 1342 1467 utendo
1362 1423 1370 1464 r
1387 1405 1414 1467 si
1436 1415 1541 1470 temen
1566 1406 1626 1468 iste
1650 1423 1730 1468 usus

143 1499 173 1564 i.
190 1523 205 1560 r
224 1504 413 1566 Notatemen
429 1505 896 1577 secundnneeessnriumsssn
944 1507 994 1564 est
1020 1499 1068 1562 rei
1096 1501 1198 1572 utilis,
1224 1501 1274 1564 vel
1304 1504 1519 1577 necessarius,
1552 1521 1616 1567 nou
1641 1503 1731 1565 eddit

103 1601 265 1678 primunt
280 1607 403 1664 constet
415 1601 509 1665 illum
524 1620 597 1666 esse
612 1613 783 1686 tyranuum
795 1617 826 1672 ct
842 1609 895 1672 in·
943 1617 1059 1664 novant
1089 1600 1244 1664 malitium
1271 1619 1369 1680 supra
1390 1602 1437 1665 rei
1452 1603 1684 1674 detentionem,
1700 1607 1732 1663 et

99 1695 231 1778 J’ustum
252 1698 455 1774 invasorem
480 1700 507 1762 si
527 1701 614 1762 enim
632 1701 895 1784 aliquodproba·
944 1715 1008 1764 non
1028 1702 1150 1764 utendo
1173 1701 1276 1779 mnqis
1306 1712 1462 1781 peccaret.
1479 1737 1516 1750 -
1538 1725 1553 1759 r
1576 1699 1730 1778 Quemvis

72 1785 74 1788 ’
102 1797 170 1860 bile
181 1797 238 1878 jus
250 1799 355 1874 hebet,
372 1817 437 1863 uon
447 1808 600 1864 censetur
616 1810 793 1882 tyrcnnusc
808 1805 894 1869 unde
942 1799 1103 1880 ejusmodi
1116 1807 1272 1879 tyrannus
1291 1809 1399 1878 peccet
1415 1798 1627 1876 usurpatione
1641 1796 1731 1876 judi·

103 1896 271 1960 nonlicet
301 1899 494 1963 interlicere.
522 1901 682 1976 Secundo,
700 1910 734 1964 ut
762 1920 826 1966 nou
856 1903 896 1966 ti·
942 1899 1729 1980 cil,temeusententiaeejussuntvelidee,etcives

101 2005 254 2059 meantur
270 1997 389 2078 majore
404 1999 485 2062 male
501 2017 516 2062 a
535 1999 601 2064 tilio
622 2002 750 2080 tyranni
767 2009 798 2064 et
813 2003 895 2066 euri·
945 2009 1098 2064 tenentur
1116 2001 1157 2064 iis
1180 2001 1413 2081 obtemperare,
1430 2002 1532 2064 donec
1548 1999 1727 2061 irritentur.

101 2096 163 2158 ris.
191 2096 313 2171 Tertio,
340 2110 462 2162 utnon
493 2101 534 2161 sit
565 2112 675 2162 corrtre
709 2119 895 2180 expressam
984 2101 1398 2183 «Ratioest,quiaipsius
1415 2097 1730 2177 sententleectjuste

101 2195 293 2274 reipulrlicse
305 2197 516 2263 voluntalem:
529 2199 774 2280 hujusenimcst
786 2210 895 2266 eucto·
942 2202 1089 2265 mendetn
1101 2201 1225 2266 tametsi
1239 2218 1303 2264 uon
1316 2200 1451 2264 bebeeut
1465 2201 1526 2262 rim
1540 2195 1728 2278 styrannius

101 2294 232 2357 ritatem
249 2295 356 2370 istem,
382 2297 430 2359 rel
453 2307 538 2361 certe
566 2315 761 2362 consensum
789 2301 893 2363 dere:
943 2308 1110 2381 potestate,
1136 2300 1253 2364 lrnbent
1280 2308 1385 2362 tamen
1414 2297 1558 2362 aliunde.
1577 2296 1729 2363 Primos

101 2405 258 2457 censetur
283 2403 390 2458 autem
406 2396 605 2473 consentire,
620 2399 752 2478 quaudo
776 2400 893 2478 passim
939 2401 1012 2482 jure
1039 2399 1199 2474 naturali,
1228 2400 1314 2478 quod
1345 2397 1514 2478 supposito
1538 2393 1592 2458 teli
1621 2407 1728 2454 rerum

101 2495 194 2558 cives
225 2503 335 2574 optrnt
355 2495 446 2558 illum
471 2497 633 2561 sublatum
650 2517 658 2556 :
675 2499 741 2562 imo
763 2501 893 2578 quondo
942 2510 1026 2563 stetu
1053 2501 1160 2574 dietat,
1187 2515 1260 2562 esse
1284 2497 1569 2578 obtemperandum
1602 2498 1730 2574 propter

102 2609 168 2654 reon
189 2593 524 2658 constatdecontraria
541 2595 714 2660 voluntate.
731 2598 808 2660 Neru
828 2609 893 2660 turn
943 2602 1061 2694 honum
1080 2615 1251 2664 commune
1278 2621 1285 2661 :
1312 2598 1456 2678 alioquin
1486 2595 1593 2658 omnia
1620 2593 1729 2654 essent

102 2693 313 2772 presumitur
335 2693 429 2766 celle,
456 2695 543 2776 quod
558 2695 647 2776 juste
675 2697 758 2759 velle
775 2706 893 2777 potest,
945 2704 1037 2784 plena
1054 2701 1149 2764 lurtis
1164 2709 1195 2763 ct
1210 2687 1399 2762 latrociniis.
1412 2697 1571 2770 Secundo,
1585 2711 1600 2756 a
1614 2689 1728 2770 repub.

100 2793 315 2857 utlilreretur.
345 2795 441 2874 Atqui
473 2795 534 2860 lucc
557 2796 649 2877 juste
680 2797 892 2877 potestrelle‚
942 2823 1015 2882 qnae
1039 2802 1130 2865 tncite
1154 2800 1308 2880 approbat
1336 2799 1408 2879 ejus
1435 2797 1579 2860 mundata
1608 2802 1640 2855 et
1662 2796 1729 2853 ectn

101 2909 176 2954 cum
192 2891 538 2970 elianonsuppetnt.r
944 2901 1080 2981 legibus.
1105 2907 1137 2964 et
1162 2897 1326 2962 communi
1352 2896 1478 2960 utilitati
1504 2900 1728 2960 consentanee,

142 3015 157 3046 a
180 2989 542 3056 ssecnndacanrlnno.
559 2994 665 3064 -Qui
678 3003 726 3058 cst
738 3003 894 3076 tyrennus
942 3008 974 3064 et
987 2989 1239 3063 vultsententias
1254 3000 1370 3079 justes,
1386 2997 1505 3076 quibus
1522 2994 1595 3055 lites
1609 2991 1728 3054 ririrnn

102 3091 227 3153 ratione
237 3090 540 3166 administrationis,
562 3095 594 3158 id
612 3103 672 3169 est,
688 3099 837 3177 qui,cum
852 3101 894 3160 sit
942 3101 1143 3163 dirimuntur
1165 3106 1196 3162 et
1224 3105 1334 3161 sontes
1360 3097 1554 3176 plectuntur,
1577 3109 1648 3155 esse
1678 3107 1731 3150 ve·

102 3209 202 3256 serus
240 3187 410 3271 princeps,
432 3196 598 3274 tyrannice
624 3205 730 3262 tarucn
753 3200 894 3263 numini·
942 3201 1035 3273 lidas,
1062 3207 1094 3262 et
1116 3199 1263 3262 subdrtcs
1288 3185 1471 3278 obligare...
1491 3197 1596 3256 Potest
1623 3199 1729 3254 eutem

100 3299 199 3361 strat,
225 3293 399 3370 querendo
423 3294 531 3371 potius
558 3296 679 3375 privetu
714 3300 893 3372 (commode,
941 3298 1122 3376 respublloe
1149 3296 1229 3358 benc
1254 3295 1319 3358 viru
1342 3292 1512 3356 sententiis
1534 3299 1563 3352 et
1583 3289 1661 3352 notis
1677 3295 1731 3366 ty·

101 3408 200 3470 qunm
221 3389 362 3468 publica,
392 3397 557 3457 onerando
587 3396 734 3474 rempub.
762 3397 894 3479 injustis
942 3398 1035 3462 renni
1060 3398 1150 3472 dare,
1177 3395 1253 3473 quie
1279 3405 1328 3457 est
1353 3391 1555 3472 singulorum
1572 3388 1729 3465 superior,

101 3489 342 3564 erectionibus,
356 3493 526 3556 vendendo
545 3495 648 3558 officie
656 3496 817 3576 judicum,
829 3513 894 3562 non
942 3499 1067 3564 etiamsi
1095 3493 1261 3575 tyrannice
1284 3492 1327 3556 sit
1344 3507 1509 3571 oppresse.
1527 3489 1634 3570 Aliqui
1651 3505 1730 3549 con·
1778 3544 1781 3551 .

104 3597 251 3667 potesta
280 3590 413 3668 privetis
441 3593 590 3668 interfici,
614 3597 761 3674 quendiu
790 3604 894 3660 monet
941 3601 1067 3666 firment
1082 3597 1164 3660 benc
1179 3593 1421 3658 conclusionem
1438 3590 1587 3669 exemplo
1603 3589 1731 3651 taston-

102 3691 269 3770 princeps.
304 3693 391 3753 Patet
418 3708 456 3753 ex
487 3691 631 3756 Concilio
659 3695 896 3759 constantiensi
941 3717 1025 3772 rum,
1043 3697 1099 3779 qui
1130 3713 1186 3775 per
1212 3693 1416 3774 tyrannidem
1439 3689 1585 3769 oppressi
1608 3695 1729 3748 ernnte

101 3806 186 3851 sess.
203 3789 252 3860 15,
264 3789 308 3866 (in
328 3791 516 3868 precedenti
529 3808 596 3871 nep.
614 3790 814 3873 citat.)llatio
833 3801 893 3868 est,
941 3795 1109 3872 Romanis;
1127 3802 1158 3857 et
1172 3802 1276 3856 temen
1296 3790 1442 3854 Christus
1457 3785 1566 3850 Matth.
1581 3803 1662 3857 xxu,
1678 3785 1729 3859 el,

100 3889 181 3971 qula
206 3890 367 3968 princeps,
387 3890 450 3952 etsi
468 3892 635 3971 tyrannice
652 3901 758 3974 reget,
787 3903 894 3958 manet
941 3898 1085 3962 insinuat
1108 3911 1166 3958 eos
1183 3893 1303 3957 debere
1326 3892 1402 3954 dare
1431 3889 1586 3950 tributum
1601 3885 1730 3949 Caesari.

101 3998 212 4052 tamen
233 3989 402 4066 superior;
423 4007 501 4068 ergo
519 4007 582 4076 non
611 3995 894 4071 potestnsubdilo
939 3997 1002 4061 ,Sed
1033 4001 1110 4074 puto
1143 3990 1306 4055 neminem
1337 3991 1370 4052 in
1400 3985 1597 4050 couscientia
1628 3983 1729 4046 teneri

101 4089 254 4160 iuter-ilci,
272 4089 335 4152 nisi
358 4087 440 4152 lorte
462 4092 504 4153 ob
520 4094 735 4156 necessariam
759 4096 812 4158 sui
838 4097 895 4160 de·
930 4099 1078 4174 tyrenno
1103 4089 1258 4152 tribulum
1282 4086 1421 4158 solvere,
1446 4085 1509 4147 nisi
1537 4083 1617 4146 lorte
1636 4099 1731 4146 ceusu

100 4189 298 4260 trusionem,
316 4189 353 4252 dt
368 4209 428 4270 qne
445 4193 542 4270 infra.
565 4193 741 4258 ilincelias
756 4197 893 4277 epostoli
942 4189 1098 4263 scandali,
1127 4188 1176 4250 vel
1203 4184 1332 4265 maioris
1359 4184 1434 4248 meti
1461 4183 1595 4246 visendi.
1621 4184 1730 4262 Neque

100 4290 312 4355 hortabantur
328 4307 429 4354 novos
448 4290 658 4364 Christianos,
683 4300 715 4356 ut
737 4294 770 4358 in
798 4297 894 4360 rebus
941 4292 1029 4358 euim
1046 4291 1126 4354 retio
1141 4285 1296 4351 naturalis
1316 4285 1348 4346 id
1365 4285 1480 4358 disten
1498 4301 1602 4362 neque
1620 4301 1733 4362 respu·
1784 4373 1788 4380 ¹

100 4388 204 4456 licitis
229 4391 399 4454 obedirent
430 4392 633 4472 principibus
661 4395 800 4459 ethnicis
821 4405 893 4460 lun·
941 4395 1025 4458 blica
1041 4399 1191 4456 censetur
1210 4389 1240 4452 id
1262 4387 1364 4462 relle3
1382 4387 1458 4466 quie
1480 4386 1610 4463 expedit
1627 4392 1733 4464 lyren-

100 4509 200 4572 qucm
228 4491 467 4570 superioribus,
490 4494 616 4554 tametsi
638 4502 745 4556 esseut
762 4496 893 4558 maximi
942 4513 1020 4560 num
1041 4510 1104 4557 non
1120 4491 1284 4555 ehrrndare
1302 4491 1449 4568 pecunia,
1468 4494 1502 4550 ut
1518 4485 1645 4548 lecilius
1661 4485 1731 4564 ejus

101 4589 245 4670 tyranni,
263 4597 373 4669 utpote
388 4589 445 4669 qui
467 4589 640 4653 Ecclesiam
659 4608 894 4672 persequereu-
938 4595 1054 4675 jugum
1076 4590 1177 4670 possit
1202 4587 1323 4652 excuti.
1349 4587 1513 4651 Sententia
1540 4584 1656 4648 Clrristi
1684 4591 1732 4646 est

101 4699 221 4767 tur-,et
246 4691 286 4752 ed
310 4687 508 4767 impietatem
545 4699 763 4770 cogerent,ul
797 4702 893 4774 patet,
942 4683 1732 4772 generalis,solumsigniiiceus,principiredden·

101 4793 196 4854 Rom.
209 4809 269 4854 xru
283 4791 341 4852 etl
362 4791 447 4852 Petr.
470 4807 504 4867 u,
522 4797 554 4851 et
569 4791 660 4854 alibi.
941 4793 1031 4862 duur.
1046 4789 1131 4868 quod
1149 4787 1177 4850 ci
1194 4786 1330 4850 debetur
1350 4806 1359 4848 c
1376 4801 1439 4848 non
1457 4783 1542 4846 enirn
1555 4783 1731 4844 norreenic-
1763 4841 1764 4846 ,

144 4915 159 4948 ι
175 4892 206 4953 6.
225 4889 333 4952 ilices.
351 4888 437 4964 Quid
455 4889 481 4952 si
493 4895 647 4976 tyrcanus
663 4891 706 4953 ita
719 4898 890 4966 excrescet,
942 4888 1241 4963 bel,utalterutram
1253 4884 1532 4965 postcurrlistincte
1544 4883 1693 4945 deliniret
1718 4905 1732 4940 s

102 4997 219 5054 utnon
245 4989 391 5051 rideatur
406 4987 545 5067 emplius
562 4988 752 5068 tolerabilis,
769 5009 828 5052 nec
844 4992 894 5053 ul·
984 5013 999 5049 a
1023 4989 1196 5052 interiores
1212 4997 1318 5051 tamen
1331 4985 1460 5066 judices
1475 5003 1490 5045 a
1508 4995 1645 5066 tyranno
1658 5001 1733 5046 con-

101 5092 172 5156 lum
200 5087 291 5153 aliud
311 5089 621 5168 mediumsupersit.
638 5073 783 5167 -nesn
803 5093 893 5154 'lunc
941 5092 1059 5166 stituti,
1080 5091 1107 5152 si
1129 5090 1201 5170 ejus
1224 5087 1429 5168 tyrannidem
1449 5104 1512 5150 non
1538 5093 1730 5159 sustentent,

101 5197 246 5276 primum
262 5209 278 5256 a
293 5193 406 5272 repub.
424 5191 472 5254 rel
489 5191 629 5255 comitiis
647 5191 751 5270 regni,
766 5193 814 5254 vel
829 5192 893 5256 ello
942 5203 996 5259 aut
1020 5195 1147 5276 y'urent,
1172 5209 1235 5256 nou
1256 5197 1387 5272 peccent
1398 5191 1454 5269 y'us
1469 5188 1619 5261 dicendo,
1636 5186 1732 5248 prode

103 5295 243 5355 habente
268 5290 491 5354 auctoritatem
520 5299 569 5354 est
601 5290 825 5368 deponendus,
861 5301 894 5354 et
942 5293 1066 5372 alioqui
1093 5291 1202 5356 omnin
1226 5291 1300 5371 jure
1326 5297 1430 5369 egunt.
1456 5289 1548 5351 Retio
1571 5295 1630 5358 est,
1655 5287 1732 5364 quin

103 5391 209 5456 hostis
225 5391 452 5465 declerandus,
468 5399 502 5454 ut
515 5391 547 5453 in
564 5389 671 5470 ipsum
693 5391 785 5453 liceat
799 5390 896 5471 quid·
942 5393 1063 5458 nullum
1080 5392 1231 5472 injurium
1247 5387 1371 5452 leniunt
1387 5387 1587 5465 reipublice,
1612 5393 1643 5448 et
1662 5386 1730 5463 ipse

102 5509 201 5574 quem
228 5498 385 5554 altentare
411 5508 418 5549 c
448 5498 524 5553 tuuc
555 5489 642 5552 enim
669 5490 791 5553 desiuit
820 5509 892 5553 esse
943 5492 1138 5575 respublica,
1164 5491 1267 5570 posito
1292 5488 1352 5552 hoc
1368 5503 1475 5550 rerum
1491 5486 1682 5552 stetutaoite
1699 5486 1762 5548 in·

103 5591 693 5672 princepsnfflucusqueRectene.)
943 5609 999 5657 eos
1027 5593 1209 5665 consentit,
1241 5607 1314 5654 cum
1342 5588 1472 5652 illorum
1495 5586 1733 5651 administratio

142 5694 317 5774 tyrannus
333 5689 461 5770 proprie
472 5691 636 5768 diotus,id
661 5703 720 5769 est,
733 5711 789 5774 qua
806 5711 892 5758 rens·
942 5692 1030 5756 utilis
1046 5692 1088 5754 sit
1110 5691 1273 5756 communi
1298 5693 1396 5756 bono.
1410 5693 1491 5755 llaec
1511 5699 1615 5754 temen
1633 5689 1676 5762 ill,
1696 5695 1733 5754 ut

104 5793 181 5873 pub.
210 5789 380 5872 usurparit
396 5798 427 5856 ct
455 5792 583 5871 intesit,
600 5811 663 5858 uon
682 5803 785 5875 potest
806 5792 890 5860 ierre
937 5793 1067 5876 judices
1092 5793 1264 5862 inferiores
1291 5812 1354 5860 non
1374 5801 1528 5877 cogentur
1545 5795 1645 5860 urulta
1664 5793 1731 5858 ini·
