4008 6460
224 461 264 532 il·
554 403 567 426 N
742 459 852 522 Jttnts
868 457 1049 520 GiNONlCl
1067 453 1329 522 conuenerunt.
1820 451 1868 516 {Q

267 575 364 656 utqui
385 575 462 638 dum
482 580 528 636 lot
550 588 749 636 surrrnrorum
773 569 960 650 pontiilrum
983 577 1014 652 ct
1069 640 1072 650 ,
1110 571 1156 632 De
1176 568 1379 632 immunitate
1405 565 1624 630 ecclesiastica
1648 581 1684 630 ιιι
1699 571 1864 644 tempore-

226 676 439 742 uoucillorum
473 673 673 756 generalium
705 669 832 736 decretu
867 675 1017 736 astruunt
1071 669 1155 732 libus
1176 667 1375 748 multiplices
1401 663 1743 746 preteetoaeindnite
1759 680 1863 744 penes

225 777 463 840 immunitatem
478 771 678 854 personalem
696 781 725 836 et
743 770 861 834 reclem
877 769 1015 834 clerico·
1067 757 1146 834 suut
1159 767 1243 850 apud
1273 770 1420 832 ‹loetorcs
1445 766 1625 830 sententie.
1654 767 1699 828 Ει
1718 764 1768 827 uis
1793 765 1865 828 siu-

226 893 298 938 rum
313 893 385 938 esse
402 875 529 954 dejure
549 873 674 947 diuino,
692 889 756 934 non
776 880 881 952 potest
895 870 1016 934 attendi
1068 870 1154 951 gulsa
1177 868 1244 932 iere
1272 867 1397 948 aliquid
1417 865 1486 930 veri
1511 864 1546 927 in
1569 881 1605 926 se
1621 863 1800 935 continent.
1826 871 1863 926 et

186 1010 196 1031 ·
225 977 406 1056 aliquorum
419 981 449 1035 et
461 973 555 1036 etiunr
569 971 781 1049 plurimorum
805 971 1017 1052 opinionibus
1068 970 1151 1034 irrrte
1173 971 1207 1032 in
1233 969 1399 1048 plerisque
1412 965 1476 1028 elie
1490 963 1708 1044 discrepantia
1732 973 1863 1028 nonest

226 1070 408 1141 dot-torum,
437 1070 492 1151 qui
520 1072 671 1134 ridentur
688 1081 797 1135 tenere
830 1071 1017 1134 istiusmodi
1069 1089 1165 1154 quam
1190 1071 1279 1136 vocis
1304 1078 1336 1132 et
1364 1066 1626 1150 significationis.
1654 1076 1689 1130 ut
1709 1066 1791 1130 bene
1815 1067 1863 1128 ait

225 1173 464 1237 immunitatum
486 1190 559 1235 esse
580 1180 702 1235 tantum
719 1173 846 1252 dejure
861 1172 1015 1238 humano.
1069 1179 1181 1235 auctor
1196 1173 1233 1234 ll.
1252 1171 1296 1234 lle
1306 1172 1350 1234 ld.
1362 1171 1473 1234 irretit.
1481 1168 1569 1250 juris
1584 1186 1696 1232 conon.
1712 1167 1800 1248 pplrl.
1830 1175 1862 1232 er

226 1276 305 1337 Cum
334 1273 511 1352 praesertim
531 1289 643 1336 omnes
659 1273 813 1336 catholici
845 1279 1018 1354 agnoscant
1069 1273 1201 1354 priuati,
1215 1279 1239 1334 t.
1257 1272 1297 1344 ll,
1315 1289 1348 1352 p.
1367 1271 1439 1344 392.
1457 1271 1552 1350 cuius
1569 1268 1711 1333 auctoris
1727 1284 1862 1332 concor-

225 1373 448 1438 immuuitutes
463 1373 695 1436 ecclesiasticas
711 1373 823 1436 sultem
839 1391 856 1436 a
874 1373 948 1454 jure
966 1372 1018 1436 di·
1070 1372 1123 1434 die
1141 1370 1226 1434 inter
1250 1370 1353 1434 varias
1381 1368 1556 1450 opiniones
1580 1368 1673 1430 nobis
1698 1367 1862 1446 magisar-

227 1473 304 1538 rino
319 1490 468 1537 emanere
485 1482 636 1554 tanquam
652 1473 691 1536 cb
706 1475 894 1538 auctoritaie
907 1474 1017 1537 Eccle·
1071 1470 1167 1534 ridet.
1180 1471 1295 1534 Probat
1310 1487 1350 1534 ex
1367 1467 1560 1548 firmissimis
1582 1466 1782 1548 argumentis
1798 1466 1861 1528 im·

227 1571 285 1634 sire
307 1571 416 1634 divine
434 1571 584 1634 suneitus.
602 1575 800 1650 Argumenta
822 1578 932 1634 contra
959 1571 1021 1634 inr-
1071 1571 1261 1637 munitatem
1283 1571 1443 1636 bonorum
1474 1568 1767 1634 ecclesiasticorum
1791 1583 1862 1630 esse

230 1669 420 1732 munitatem
436 1671 475 1731 de
494 1669 569 1750 jure
595 1671 708 1732 divino
736 1670 767 1731 in
784 1669 1019 1749 temporalibus
1073 1669 1221 1750 l⁰ajure
1243 1670 1384 1733 naturali
1408 1679 1443 1732 ut
1459 1668 1635 1731 inducente
1652 1677 1683 1730 et
1706 1669 1862 1730 suadente

229 1787 295 1832 non
312 1770 464 1833 videntur
481 1771 628 1850 probare.
646 1771 772 1834 Etenim
799 1774 829 1834 1·
852 1789 891 1834 ex
920 1770 1022 1853 pluri·
1072 1770 1172 1854 (quod
1201 1771 1240 1834 ab
1268 1770 1435 1834 ominibus
1469 1777 1620 1843 tenetur,
1644 1767 1686 1830 iis
1713 1767 1864 1834 sulisex·

229 1869 1018 1951 buscapitibusjurisinquilrusimmunitasdi-
1072 1870 1174 1949 ceptis
1205 1872 1262 1948 qui
1295 1871 1383 1934 omui
1421 1869 1571 1950 religioni
1598 1877 1675 1932 sunt
1703 1866 1863 1946 inlensl);

229 1971 344 2034 eitnra
361 1971 436 2049 jure
454 1975 617 2052 pontificio
632 1975 772 2038 stabilita
787 1993 846 2040 seu
863 1979 1020 2057 regulata,
1071 1971 1103 2032 2⁰
1128 1969 1209 2034 hunc
1233 1970 1472 2034 immunitatem
1486 1988 1559 2034 csse
1578 1989 1594 2033 a
1617 1969 1693 2050 jure
1719 1969 1866 2052 gentium

229 2071 429 2133 concludunt
456 2076 601 2136 eamdem
626 2073 862 2138 immunitatem
891 2076 972 2140 oriri
1001 2093 1020 2141 a
1073 2078 1110 2132 ul
1136 2071 1370 2146 confirmante3
1395 2071 1515 2134 3⁰esse
1535 2069 1639 2149 ajure
1655 2069 1768 2132 divino
1784 2067 1866 2131 ¹lun·

224 2169 299 2250 jure
316 2169 459 2235 humano
475 2189 484 2248 ;
499 2174 555 2236 sed
582 2175 844 2254 respondendum
866 2183 915 2239 est
933 2177 1021 2259 quod
1075 2171 1301 2236 dumentaliter
1316 2180 1346 2236 et
1362 2173 1469 2253 quoad
1486 2173 1694 2252 principium,
1711 2187 1775 2234 non
1802 2187 1864 2234 au·

232 2289 345 2334 omnes
374 2276 508 2338 omnino
534 2277 727 2352 concedunt,
758 2278 842 2342 dicta
864 2278 950 2360 Juris
968 2279 1024 2342 de·
1074 2282 1137 2338 lem
1157 2274 1261 2357 quoad
1282 2273 1585 2338 determinationem
1599 2295 1607 2344 ι
1622 2271 1653 2334 l⁰
1668 2289 1739 2336 esse
1754 2287 1772 2334 a
1789 2270 1866 2350 jura

228 2381 312 2436 crete
323 2373 528 2438 solummodo
542 2377 727 2456 specialiter
738 2378 1022 2444 determinareim·
1074 2375 1294 2440 eeclesiastico
1307 2373 1412 2456 quoad
1424 2372 1741 2446 determinationem,
1755 2389 1813 2433 sen
1830 2377 1866 2433 ut

230 2474 404 2537 nurnitutes
422 2493 503 2556 quus
532 2477 564 2536 in
581 2495 700 2555 genere
724 2478 867 2542 Ecclesia
893 2487 979 2544 tenet
1005 2498 1022 2544 a
1070 2477 1157 2559 jusu
1174 2477 1304 2540 Christo
1331 2475 1481 2538 collatum
1509 2474 1743 2538 determinante
1759 2481 1790 2536 et
1805 2489 1864 2552 ep-

226 2572 303 2654 jure
325 2575 449 2638 divino.
467 2609 505 2620 -
520 2578 552 2638 2·
566 2577 613 2638 Ει
630 2593 669 2639 eo
685 2579 772 2658 quod
788 2579 850 2657 ipsi
867 2579 976 2644 clerici
989 2581 1022 2644 in
1074 2577 1236 2657 plicente;
1264 2578 1295 2640 5·
1311 2593 1396 2654 esse,
1417 2583 1472 2640 eut
1489 2593 1562 2638 esso
1591 2575 1723 2648 debere.
1747 2593 1765 2637 a
1788 2575 1864 2654 iure

234 2673 335 2736 sacris
350 2674 517 2736 constituti
543 2691 561 2738 a
591 2693 719 2740 summo
751 2676 898 2756 pontifice
917 2680 1023 2761 judici
1075 2676 1162 2742 cirili
1181 2687 1216 2739 ut
1240 2684 1428 2740 reverenter
1448 2675 1661 2756 obsequente.
1681 2693 1740 2738 seu
1759 2681 1792 2738 ut
1808 2693 1866 2756 per

233 2772 319 2836 luico
336 2775 505 2837 traduntur
528 2784 562 2838 ut
584 2792 640 2840 eos
658 2778 779 2855 puniet,
798 2791 1025 2860 nrgumentan·
1075 2777 1204 2846 cirilem
1223 2776 1326 2858 legem
1349 2777 1516 2838 sanciente
1541 2774 1646 2855 legem
1668 2774 1810 2838 divinem
1832 2781 1865 2837 et

232 2879 286 2935 tur
311 2872 450 2938 dicendo
476 2874 683 2956 privilegium
714 2878 773 2940 luri
803 2897 867 2944 non
886 2900 958 2946 esse
982 2885 1023 2948 de
1076 2877 1340 2953 ecclesiasticam,
1360 2894 1424 2942 uon
1447 2884 1553 2943 autem
1575 2886 1611 2940 ut
1629 2877 1758 2957 proprie
1776 2875 1866 2938 insti·

227 2973 302 3053 jure
318 2974 458 3050 dirino;
487 2977 543 3040 sed
564 2979 716 3057 respondi
744 2981 839 3044 debet
864 2983 944 3048 teies
959 2985 1024 3048 ole-
1077 2989 1200 3044 tuente.

231 3075 318 3139 ricus
330 3079 397 3157 jum
411 3079 695 3144 amisissedlctum
712 3083 920 3166 privilegium
936 3089 1024 3168 quod
1076 3103 1091 3176 5
1112 3102 1156 3160 lll.
1172 3133 1208 3146 -
1228 3104 1267 3162 ile
1283 3105 1505 3170 immunitatibus
1520 3116 1699 3176 percurrerem
1714 3099 1743 3156 in
1762 3100 1864 3171 speeie,

230 3176 305 3260 jure
321 3176 434 3242 divino
453 3181 593 3260 pertinet
618 3183 659 3246 ud
681 3183 856 3250 Ecclesiam
873 3194 904 3252 ot
924 3189 1027 3252 eccle·
1310 3175 1558 3248 eerrdeprivtlegio
1571 3173 1635 3230 ¹⁰⁸³·

233 3279 381 3342 Siasliffl
403 3281 580 3360 ssen⁰r⁸llffl
600 3299 755 3362 p0t⁸⁰nt³
775 3305 784 3359 3
804 3294 836 3350 tl
862 3304 940 3358 vero
966 3305 1024 3352 eo·
1076 3355 1078 3360 ,
1117 3293 1143 3356 1.
1173 3291 1310 3356 Nomine
1333 3304 1545 3368 personarum
1574 3283 1865 3350 ecclesiasticarum

232 3379 306 3442 dom
330 3378 405 3460 jure
434 3381 548 3446 diuino
579 3393 683 3463 potest
706 3402 853 3450 summus
881 3389 1025 3468 pontifex
1077 3391 1212 3456 veniunt
1238 3405 1351 3452 omnes
1368 3387 1489 3463 clerici,
1514 3394 1583 3450 tum
1609 3385 1781 3450 seculares
1798 3393 1865 3447 tum

233 3480 367 3544 eosdem
384 3480 519 3545 clericos
530 3484 813 3550 excommunicare
825 3493 856 3549 et
871 3488 1026 3554 omnibns
1078 3491 1243 3574 regulares
1271 3490 1445 3569 utriusque
1473 3505 1583 3564 sexus,
1609 3489 1707 3552 etiam
1735 3486 1865 3561 novitii,

229 3579 363 3659 iuribus
381 3581 516 3644 etetiem
528 3581 758 3663 jurisdictione
771 3585 924 3666 spoliare,
939 3590 1027 3654 etsic
1077 3591 1176 3660 etalii
1191 3589 1369 3655 enumerati
1386 3587 1420 3654 in
1431 3605 1501 3670 cup.
1517 3592 1533 3654 1
1551 3587 1648 3669 buius
1665 3587 1751 3652 libri.

237 3677 371 3758 spoliati
387 3696 451 3744 nou
467 3692 543 3744 sunt
558 3683 698 3762 amplius
714 3683 836 3750 doloro
851 3687 1026 3768 Ecclesium
1115 3695 1158 3758 il.
1193 3695 1314 3756 Omnes
1347 3706 1492 3771 persone
1535 3707 1609 3754 rere
1639 3687 1870 3752 ecclesiastiea

235 3781 378 3862 ideoque
395 3789 547 3864 tanquum
573 3783 645 3848 laici
669 3783 776 3866 judici
799 3787 881 3852 laico
895 3790 1028 3854 tradun·
1078 3795 1221 3877 gaudent
1235 3791 1441 3858 immunitate
1458 3789 1633 3870 personali,
1653 3789 1798 3867 indeque
1824 3789 1866 3848 ti·

237 3891 303 3944 tur.
318 3883 403 3944 -30
431 3883 637 3951 contendunt
665 3885 834 3967 privilegiu
864 3886 1028 3954 clericalia
1078 3896 1174 3969 beree,
1191 3893 1355 3956 immunes
1374 3897 1407 3954 et
1430 3895 1584 3967 exemplu
1606 3893 1682 3948 sunt
1709 3884 1749 3946 ub
1777 3881 1867 3946 onrni

235 3997 301 4045 non
317 3998 389 4046 esso
405 3982 445 4046 de
459 3981 534 4064 jure
553 3983 680 4062 divino,
698 3985 857 4067 quiajam
873 3985 1027 4068 pleneque
1074 3990 1303 4076 jurisdictione
1323 3997 1354 4052 et
1376 3987 1448 4051 l'oro
1476 3983 1622 4065 cujusvis
1648 3982 1814 4062 potestatis
1835 3989 1869 4042 et

234 4081 351 4148 lterum
368 4081 613 4164 privilegiorum
635 4100 652 4146 a
672 4084 884 4163 potestatibus
905 4086 1029 4151 laiculi·
1079 4090 1369 4174 personmluicalis,
1386 4097 1453 4153 tum
1466 4085 1618 4150 incausis
1633 4082 1783 4148 cir-ilibus
1815 4079 1870 4156 (ex

234 4181 297 4244 bus
314 4190 469 4262 usurpata
488 4190 520 4246 et
544 4183 724 4247 oblitterata
741 4194 818 4249 sunt
844 4203 901 4266 per
918 4187 1029 4252 Eccle·
1079 4211 1106 4256 c.
1135 4191 1226 4252 itone
1246 4189 1368 4270 quidem
1383 4190 1423 4260 -1,
1448 4185 1524 4250 dist.
1545 4185 1605 4262 use
1624 4201 1652 4248 c.
1681 4183 1723 4246 lu
1738 4182 1870 4245 cunoni·

236 4278 297 4342 sie
311 4277 515 4358 patientium.
530 4282 597 4344 lloc
609 4299 685 4345 vero
700 4294 927 4363 nrgumentum
944 4287 1025 4350 nihil
1079 4291 1135 4354 bus
1163 4291 1213 4364 57,
1241 4304 1337 4352 causa
1364 4289 1413 4361 16,
1438 4292 1556 4367 qumi.
1588 4291 1631 4360 ¹3
1661 4300 1690 4347 c.
1718 4282 1870 4346 Ecclerioe

237 4381 349 4458 probet
365 4381 429 4443 nisi
455 4383 700 4462 usurpationem
720 4384 907 4465 *laicorum
935 4395 967 4452 et
986 4407 1026 4454 ex
1077 4391 1112 4454 S.
1138 4391 1250 4454 Murius
1274 4390 1324 4464 20,
1365 4389 1409 4450 De
1436 4386 1740 4456 comtitutionibur.
1770 4384 1826 4446 lib.
1856 4401 1869 4444 ι

235 4481 333 4548 altera
368 4490 456 4560 parte
488 4484 585 4546 nimis
621 4484 792 4562 proberer;
829 4495 905 4550 sunt
938 4487 1025 4552 euim
1078 4489 1248 4558 decretal,-
1272 4505 1300 4550 c.
1324 4485 1468 4564 Qualiter
1489 4496 1517 4549 et
1543 4485 1667 4566 quondo
1694 4485 1870 4566 111111-

237 4584 335 4649 multe
345 4583 420 4664 jura
435 4584 476 4646 ub
497 4585 650 4649 omuibus
666 4594 702 4650 ut
723 4587 833 4650 divina
861 4585 1025 4665 affirmata,
1078 4591 1171 4653 dictis
1187 4611 1197 4658 .-
1212 4605 1238 4652 c.
1254 4589 1288 4650 Si
1303 4586 1494 4666 delinquenti
1525 4587 1573 4662 m,
1597 4586 1641 4647 De
1654 4586 1727 4665 soro
1743 4601 1870 4662 compe-

236 4685 357 4764 quibus
388 4692 493 4748 tumen
525 4685 677 4766 patientie
708 4687 860 4750 Ecclesice
881 4689 927 4752 uti
960 4706 1025 4753 uon
1077 4697 1153 4754 tent.
1186 4707 1258 4752 rrum
1284 4687 1461 4759 similibus)
1476 4710 1491 4764 ,·
1521 4693 1586 4750 lum
1614 4687 1649 4749 in
1670 4685 1777 4750 causis
1799 4686 1865 4748 cri-

237 4791 340 4866 potest
355 4784 554 4848 obcivilium
579 4793 772 4864 potestatum
797 4789 1025 4867 usurpationes
1079 4789 1266 4854 minalibus.
1286 4789 1330 4866 (d.
1348 4789 1595 4868 Nonnunquam
1620 4788 1632 4848 1
1653 4804 1663 4862 ;
1694 4803 1722 4848 c.
1749 4785 1866 4848 Nullus

236 4894 267 4950 et
295 4885 543 4962 contentiones3
570 4888 628 4950 sed
659 4904 724 4951 non
748 4888 823 4952 ideo
852 4889 925 4954 teliu
950 4890 1026 4970 iura
1070 4887 1319 4974 judicumtw.
1334 4890 1478 4952 liciatum
1498 4889 1547 4962 13,
1573 4903 1667 4950 cause
1697 4887 1752 4960 ll;
1777 4903 1806 4950 c.
1825 4885 1867 4946 At

235 4989 340 5054 emisit
355 4986 509 5052 Ecclesia.
1078 4993 1107 5074 si
1120 4989 1230 5054 clerici
1248 4989 1278 5064 Ιι,
1294 4992 1338 5052 Dc
1352 4991 1501 5071 judiciis,
1527 5005 1607 5052 curu
1621 4985 1812 5064 similibus.)
1832 4989 1865 5046 lit

238 5139 243 5147 .
275 5089 512 5169 'iherrlogorum
532 5097 563 5152 et
581 5089 819 5156 cunonistarum
835 5093 1024 5158 contestatio
1077 5093 1139 5158 lroc
1170 5099 1217 5156 est
1250 5089 1459 5172 privilegium
1495 5089 1569 5164 luri,
1592 5105 1631 5152 ex
1659 5103 1725 5168 quo
1755 5087 1864 5148 nullus

235 5193 356 5271 optime
376 5189 543 5254 dirimitur
565 5191 600 5254 in
630 5199 740 5254 nostro
768 5210 868 5256 sensu
884 5211 902 5256 u
917 5205 1024 5259 sancta
1077 5193 1214 5260 clericus
1230 5210 1293 5257 non
1311 5190 1413 5272 possit
1435 5189 1573 5268 amplius
1596 5206 1613 5252 a
1625 5188 1737 5270 judice
1762 5204 1864 5250 saecu·

235 5289 361 5369 synodo
377 5289 521 5354 Trident.
532 5309 643 5370 supra,
656 5291 712 5355 ubi
727 5291 858 5356 affirmet
872 5295 1025 5362 Ecclesice
1074 5297 1135 5366 lari
1150 5295 1356 5379 injudicium
1374 5291 1467 5367 trahi,
1486 5290 1654 5364 carr-erari,
1673 5288 1723 5352 rel
1743 5288 1864 5367 puniri,

236 5397 267 5450 ot
293 5406 501 5468 personarum
525 5390 814 5458 ecclesiasticarum
839 5393 1025 5462 immunito·
1077 5401 1134 5464 sed
1150 5401 1335 5464 duntaxalu
1347 5393 1459 5475 judice
1474 5391 1706 5468 ecclesiastico,
1735 5400 1769 5452 ut
1798 5393 1867 5452 col-

236 5493 300 5550 tcm
319 5489 377 5551 liei
391 5488 591 5552 ordinatione
605 5488 722 5570 (quoad
738 5490 859 5556 iontem
875 5503 906 5557 et
922 5495 1024 5577 origi·
1079 5501 1189 5580 ligitur
1204 5517 1244 5562 ex
1259 5514 1329 5574 cup.
1347 5496 1383 5558 Si
1401 5496 1574 5576 imperetur
1602 5493 1650 5566 11,
1675 5491 1749 5552 dist.
1767 5491 1818 5564 tid,
1834 5497 1867 5552 et

237 5605 323 5660 ticin,
341 5605 398 5650 seu
414 5590 468 5668 ius
481 5587 644 5672 generale)
663 5598 694 5652 et
715 5594 875 5656 cononicis
887 5600 1026 5660 sanctio·
1078 5609 1126 5664 est
1141 5595 1335 5664 communis.

236 5686 330 5750 uibus
346 5687 462 5770 (quood
479 5687 653 5769 specialem
675 5689 979 5758 determinationem
993 5705 1024 5760 et
1118 5703 1174 5764 ill.
1192 5697 1308 5762 Clerici
1326 5705 1431 5758 tumen
1455 5693 1630 5756 minoristre
1644 5708 1707 5756 non
1724 5691 1869 5770 gaudent

237 5787 495 5876 rusussiugulos
519 5799 621 5854 etrus
646 5797 677 5854 et
702 5791 1024 5881 persorrasdirersusl
1077 5799 1251 5882 privilegio
1281 5800 1360 5881 scri,
1392 5795 1456 5860 nisi
1491 5793 1632 5858 hubeant·
1653 5791 1794 5873 aliquam
1828 5811 1866 5866 eg

234 5887 453 5955 “millum
933 5985 942 6000 ι
1009 5953 1039 5982 ,,
1082 5901 1185 5966 tribus
1203 5900 1267 5963 illis
1287 5896 1541 5973 conditionibus,
1563 5913 1648 5988 quus
1670 5893 1808 5974 runu'rit
1834 5893 1867 5956 in
