4042 6458
284 391 338 452 383
778 383 892 448 itittls
907 377 1087 444 ClelNlCl
1106 377 1370 444 cutteunoitttt.
1855 379 1894 447 lli

286 517 372 568 rnrn.
400 496 627 582 (Communis.)
655 500 811 578 Adeoque
845 496 959 578 nequit
983 501 1072 572 pater
1126 492 1246 572 speciei
1260 495 1446 558 essentialia
1465 499 1684 560 transmittunt
1698 509 1737 557 er
1763 493 1831 574 lege
1854 518 1896 558 ne-

287 603 434 666 nrntilare
454 609 485 663 at
502 610 588 666 tanto
604 601 876 680 minusoueidere
898 595 1017 662 malum
1035 595 1073 658 tt·
1127 605 1220 669 turre,
1234 597 1409 660 creationis
1430 598 1684 661 continuatione.
1703 591 1896 662 Perieetibilts

248 715 256 788 5
287 699 377 774 tium.
395 699 458 762 nisi
479 699 513 761 in
530 698 721 762 necessitato
741 697 901 778 proin-iam
920 713 979 758 sen
996 694 1076 757 aiio·
1126 703 1232 758 autern
1245 703 1349 758 ereata
1364 693 1424 759 luit
1441 695 1581 758 bumana
1598 692 1735 772 atracias,
1750 702 1897 773 quatenos

287 817 358 862 rum
372 795 1073 864 membrorumtemitieritamtuennicorr·
1127 797 1336 861 constituitur
1367 794 1653 878 persortalrtat'bns
1693 793 1817 857 liberis.
1842 793 1899 858 Non

288 909 333 966 tra
350 900 430 976 rim,
446 908 477 962 et
501 899 634 980 quidem
651 899 685 961 in
700 907 773 960 autu
791 894 992 960 detensionis
1015 911 1074 958 ne·
1128 906 1177 959 est
1190 913 1265 961 vero
1280 895 1521 977 pe‘riertibilitas
1538 897 1599 958 nisi
1616 913 1673 976 per
1685 894 1899 975 acquisitorum

250 1017 263 1080 ¹.
286 995 1075 1078 cesserimsiveropossibilissitdellensinabsque
1127 1013 1144 1060 a
1178 997 1365 1076 parentibus
1396 995 1674 1061 transmissionem
1711 995 1751 1058 ad
1784 993 1899 1058 liberos.

286 1100 484 1180 aggressuris
496 1101 672 1173 occisione,
689 1109 778 1177 pater
794 1098 982 1176 nullumJ'ua
996 1112 1078 1158 mor·
1130 1097 1283 1160 Preterea
1298 1097 1375 1160 liliis
1389 1096 1578 1160 suisomnia
1593 1095 1787 1166 existentia,
1803 1095 1902 1156 erotu-

287 1197 328 1261 tis
356 1197 469 1273 bebet;
495 1207 690 1280 preceptum
715 1199 801 1262 enim
828 1195 985 1270 naturale,
1012 1214 1077 1257 non
1129 1196 1613 1277 tionisetprrleetionismedia,
1629 1196 1900 1276 innuantumpos·

286 1299 420 1374 occider,
449 1299 570 1378 obligat
598 1316 711 1363 omnes
738 1299 885 1362 homines
908 1307 939 1362 et
963 1312 1076 1359 omnes
1129 1308 1290 1374 renotem
1305 1299 1335 1361 in
1354 1297 1612 1378 praesentiebant
1630 1297 1786 1358 inl'utnro
1800 1294 1902 1357 debent

285 1397 449 1480 delegatos
470 1399 590 1462 ‹lirinae
616 1400 842 1464 auetoritatisa
865 1416 928 1480 qua
952 1415 1077 1478 moma-
1130 1405 1289 1477 parentes.
1309 1397 1442 1461 sienim
1461 1394 1717 1460 Dausureatnris
1732 1393 1804 1456 suls
1822 1393 1902 1457 debet

287 1506 340 1561 nat
361 1497 425 1572 lex,
445 1499 475 1562 vl
505 1499 625 1578 regulae
644 1499 728 1580 iuris
747 1519 802 1579 per
821 1518 917 1582 quom
943 1499 1077 1562 inferior
1128 1500 1310 1562 neccssaria
1328 1499 1366 1562 ad
1387 1501 1481 1562 linem
1497 1515 1606 1562 earum
1624 1497 1902 1574 obtinendumpa·

287 1599 400 1679 nequit
421 1600 603 1679 superioris
632 1602 683 1664 sui
705 1601 807 1682 legem
822 1599 987 1682 abrogare,
1017 1615 1076 1662 rteo
1130 1608 1270 1664 rerrtesa
1295 1603 1360 1664 Deo
1375 1600 1514 1682 delegati
1537 1601 1575 1664 ad
1592 1601 1677 1663 idem
1694 1597 1841 1662 debitum
1863 1609 1902 1661 te·

286 1698 326 1760 ab
344 1714 381 1762 ea
398 1697 599 1778 dispensare.
1128 1709 1259 1764 nentur.
1273 1703 1442 1765 Parentum
1456 1702 1741 1782 prolongatiosunt
1754 1699 1855 1772 libero
1865 1701 1904 1760 ir·

327 1794 361 1857 ln
393 1799 449 1860 bae
478 1807 618 1879 poterone
643 1800 841 1863 auctoritatis
871 1807 902 1862 et
918 1799 1075 1862 libertatis
1130 1809 1342 1884 terutrosqne
1352 1804 1534 1868 solidaritaa
1550 1803 1744 1885 praesistit3
1761 1811 1795 1864 et
1809 1819 1904 1880 quem·

287 1894 342 1960 trttt
360 1896 490 1959 rebeliis
518 1898 738 1979 oppositione.
766 1899 963 1980 relinquitur
994 1901 1074 1979 patri
1128 1905 1303 1969 admodum
1333 1907 1418 1968 Deus
1445 1905 1594 1970 nonodit
1616 1921 1714 1986 opera
1737 1919 1817 1979 sua,
1840 1905 1904 1965 item

286 1997 355 2061 sola
383 1997 528 2063 exclusio
554 2018 572 2065 a
595 2001 725 2080 juribus
754 2000 894 2065 familiae.
916 2003 950 2066 Si
970 2013 1076 2066 tamen
1130 2005 1312 2068 necessario
1335 2006 1446 2069 condit
1471 2005 1679 2070 rationabiles
1700 2005 1903 2072 ereaturastd

288 2096 373 2160 nlius
393 2098 553 2179 poenitens
569 2102 608 2164 ad
635 2101 802 2165 meliorem
827 2102 951 2184 frugem
970 2121 1077 2167 rever·
1128 2105 1313 2170 felicitatem
1343 2125 1453 2170 earnm
1481 2115 1606 2171 naturae
1633 2106 1849 2180 conformem,
1870 2106 1905 2168 in

289 2201 382 2270 tatur,
401 2203 499 2275 peter,
530 2198 639 2262 locum
656 2200 715 2264 Dei
736 2209 862 2276 tenensi,
879 2202 1077 2282 peanitentiae
1131 2215 1289 2287 parentes,
1305 2210 1362 2290 qui
1392 2210 1500 2273 omnia
1518 2227 1534 2272 a
1552 2211 1619 2272 lieo
1644 2218 1848 2288 aeceperunt.
1863 2207 1905 2268 bis

289 2309 416 2370 parcere
435 2296 582 2359 etlilium
606 2308 819 2364 revertentem
840 2301 873 2364 in
895 2303 1076 2367 essentiali·
1129 2306 1184 2386 qui
1200 2325 1255 2387 per
1266 2307 1533 2386 omnipotentiam
1560 2309 1746 2370 creatricem
1777 2304 1818 2367 ab
1838 2306 1906 2385 ipsis

288 2392 346 2456 bns
360 2393 492 2460 familiae
500 2397 631 2478 juribus
647 2401 865 2482 redintegrare
880 2404 988 2468 debet.
1130 2410 1193 2472 nnti
1226 2415 1317 2481 sunt,
1347 2408 1565 2470 transmittere
1601 2406 1722 2469 debent
1751 2405 1906 2467 ietteitrtts

326 2496 406 2570 Quae
425 2497 653 2564 annolusiones
677 2502 909 2566 confirmantur
933 2505 1076 2568 auctori·
1129 2508 1300 2584 elemento,
1327 2509 1368 2572 de
1393 2507 1515 2588 quibus
1534 2510 1714 2570 seeundum
1727 2506 1863 2586 justitia
1882 2513 1907 2566 et

287 2599 349 2654 tate
365 2593 549 2657 doctorum.
569 2598 647 2658 Nota
666 2601 695 2660 1·
709 2603 793 2678 quod
810 2601 895 2664 iilius
914 2601 1076 2666 alimentis
1130 2619 1252 2676 naturae
1269 2612 1373 2692 tegam
1389 2609 1562 2690 disponere
1579 2607 1707 2670 habent.

286 2691 326 2753 ad
343 2693 437 2756 vitam
470 2697 660 2759 necessariis
689 2699 808 2778 privari
836 2720 1002 2786 nrrnquam
1020 2722 1076 2784 pu·
1170 2711 1271 2791 igitur
1289 2709 1564 2790 clairmanum,
1586 2714 1734 2786 utsupra
1752 2703 1907 2784 probatum

288 2799 359 2866 test,
375 2810 447 2856 ⁰⁰¹1]
462 2793 642 2858 dibeflssllff
652 2795 726 2877 lure
738 2807 869 2863 ssfllulffl·
1129 2821 1189 2884 est,
1203 2821 1375 2890 «parentes
1390 2817 1541 2873 tenentur
1555 2806 1631 2871 liliis
1649 2804 1806 2885 legitimis
1822 2802 1908 2867 relin-

325 2893 384 2954 aa
400 2895 543 2970 Qnaeres,
567 2914 607 2960 an
630 2899 715 2961 iilius
735 2899 912 2982 aliquando
943 2904 1042 2984 possit
1059 2922 1077 2968 a
1128 2927 1230 2992 quere
1246 2911 1404 2990 integrant
1421 2908 1596 2988 legitimam
1613 2906 1704 2971 nullo
1717 2913 1907 2986 aggravatam

288 3001 376 3070 patre
402 2995 522 3074 privari
550 2996 762 3064 hereditate?
794 3005 941 3084 -llesp
975 3014 1077 3085 potest
1130 3023 1241 3070 onere.
1255 3005 1480 3086 (Communis.)
1495 3008 1645 3068 Parentes
1658 3004 1908 3085 neqrreuntlilias

287 3107 326 3154 ex
346 3093 434 3172 justa
454 3111 562 3172 eausa,
588 3098 668 3162 alias
690 3117 753 3164 non
772 3124 780 3163 ε
798 3103 908 3166 eadem
923 3103 958 3168 in
984 3114 1079 3168 testa·
1129 3103 1642 3185 legitimosprirarelegitimaais
1657 3103 1776 3176 debita,
1798 3104 1909 3184 nisigoc»
1996 3169 1997 3174 ,

289 3195 504 3261 mentodebet
523 3199 677 3280 exprimi.
692 3201 802 3283 (suto.
822 3201 882 3266 Sed
896 3204 1021 3284 ripert,
1046 3222 1074 3270 c.
1129 3214 1236 3270 currat
1258 3204 1685 3285 aliqnaexquatuordeeim
1710 3205 1910 3267 causisassi·
1997 3245 1998 3248 =

290 3298 335 3360 tte
363 3299 456 3382 inopi.
487 3301 584 3383 teat.)
614 3305 700 3370 Talis
739 3314 846 3370 autern
888 3318 1075 3372 censetur:
1129 3305 1234 3388 gnatis
1250 3304 1284 3368 in
1297 3303 1747 3385 jure...l’arentesquamris
1762 3303 1909 3383 derigere

286 3397 408 3474 Primo,
435 3401 635 3484 ingratitudo
663 3405 740 3486 (nisi
769 3406 954 3487 ingratiam
980 3409 1076 3487 patris
1099 3399 1209 3486 'iuris
1243 3406 1368 3485 possint
1384 3406 1570 3486 relinquere
1586 3405 1748 3474 extraneis
1771 3405 1818 3478 id,
1833 3407 1909 3484 qood

289 3501 438 3577 redierit,
468 3504 643 3586 ipsumque
668 3507 853 3586 paenituerit
882 3515 955 3571 ante
981 3517 1077 3572 tasta-
1129 3507 1163 3570 in
1180 3505 1357 3570 snisbonis
1374 3505 1491 3570 habent
1509 3525 1607 3587 snpra
1641 3506 1820 3587 legitimam
1844 3506 1909 3570 liliis

288 3608 432 3664 mentum
461 3606 653 3687 conditum),
672 3616 717 3683 ut,
737 3609 765 3672 si
783 3608 927 3671 affecerit
952 3618 1076 3687 patrem
1129 3605 1282 3682 debitam,
1309 3614 1344 3670 ut
1375 3614 1486 3670 tenent
1507 3608 1723 3670 communiter
1751 3610 1909 3678 doctoresi

287 3701 377 3780 grnri
408 3703 542 3786 injuria,
561 3707 609 3771 vel
623 3708 694 3788 ejus
724 3709 796 3774 vitm
823 3709 997 3772 insidiatus
1022 3710 1075 3785 sit,
1130 3716 1235 3772 tamen
1260 3710 1331 3772 sine
1362 3710 1495 3788 gravier
1511 3709 1596 3788 justa
1613 3726 1707 3772 causa
1723 3727 1787 3770 non
1803 3707 1909 3770 debent

287 3799 339 3863 vel
355 3818 468 3866 manns
482 3804 631 3886 injecerit
644 3808 679 3870 in
695 3825 782 3882 eum,
796 3809 846 3872 rel
866 3807 1030 3872 maleficiis
1041 3827 1077 3874 se
1128 3825 1220 3870 suam
1249 3807 1463 3872 nereditatem
1487 3807 1604 3872 alienis
1617 3807 1853 3872 seuertraueis
1868 3823 1911 3866 re·

287 3897 736 3982 immiscuerit...Seruodo,ei
751 3925 932 3984 rrnreroam,
948 3927 1006 3972 seu
1023 3927 1077 3990 pa·
1130 3908 1477 3989 linquere,quiajrrxta
1493 3909 1652 3972 monitum
1682 3907 1826 3987 Spiritus
1845 3923 1911 3966 san·

289 3996 347 4062 tris
364 4014 497 4064 uxorem
509 4004 694 4084 cognoverit
709 4004 894 4079 carnaliterr
910 4007 939 4070 si
953 4008 1076 4088 parenti
1129 4010 1190 4085 cti3
1212 4011 1305 4073 Pron.
1320 4027 1388 4080 arn,
1410 4009 1465 4071 22:
1492 4009 1599 4070 Bonna
1613 4007 1765 4089 relinquit
1786 4005 1912 4071 omero

288 4092 1077 4172 furioso,reterreerertetsntenotuerirsuaeur-
1129 4113 1212 4192 filios
1232 4120 1412 4190 etnrputer.
1446 4113 1565 4189 Eteap.
1597 4109 1864 4189 depretionem
1886 4115 1913 4170 et

278 4217 371 4272 ,reru
395 4200 456 4264 tide
481 4201 646 4282 jubendor
666 4205 695 4268 si
724 4207 908 4289 impellierit
943 4218 1076 4290 patrem,
1129 4230 1200 4291 cap.
1222 4208 1408 4290 Rupnuldur
1434 4210 1731 4284 18,Datrrtarnaot.

288 4299 464 4378 quominus
480 4310 669 4378 testaretur;
686 4307 715 4368 si
733 4307 816 4370 bona
839 4317 1008 4388 parentum
1024 4311 1076 4374 di·
1170 4309 1458 4372 «termenandum
1474 4315 1522 4370 est
1537 4309 1662 4388 sipater
1677 4307 1766 4388 gravi
1778 4308 1912 4388 pereites

288 4398 480 4476 lapidei-erit
506 4419 579 4464 anm
606 4405 695 4484 gravi
721 4406 868 4486 ipsorum
888 4409 1074 4490 dispendio.
1130 4413 1206 4476 odio
1219 4422 1328 4474 eontra
1348 4422 1492 4485 matrem,
1508 4410 1619 4473 relicta
1636 4416 1760 4472 tantum
1779 4409 1912 4488 legitima

289 4499 407 4576 Tertio,
424 4502 453 4566 si
472 4503 549 4578 lilia,
566 4505 672 4570 minor
686 4509 726 4571 25
741 4510 848 4585 annis,
874 4509 1075 4576 luxuriosam
1087 4503 1113 4528 ”
1132 4513 1212 4588 tilio,
1227 4513 1380 4576 eumdem
1394 4510 1518 4592 reliqua
1533 4511 1719 4574 haereditate
1732 4511 1848 4587 privet.
1859 4509 1915 4570 lai·

289 4597 386 4662 vitam
411 4599 556 4681 elegerit,
569 4613 629 4666 ato.
647 4604 735 4668 Circa
760 4624 840 4688 quas
866 4617 953 4682 nota,
970 4608 1076 4672 valere
1129 4629 1231 4694 quum
1243 4609 1603 4690 enimjurereputatur‚
1616 4617 1651 4672 nt
1665 4610 1792 4690 quisob
1806 4609 1912 4672 odium

289 4699 346 4762 has
380 4718 505 4778 causas,
535 4706 666 4784 quando
688 4707 775 4770 titius
801 4709 935 4772 aliunde
965 4711 1075 4788 babet,
1129 4713 1213 4774 tertii
1243 4721 1473 4791 praegravetura
1501 4711 1642 4792 ideoque
1672 4709 1915 4790 hujusmodite

289 4802 376 4864 undo
395 4803 499 4874 viram
520 4823 591 4868 nam
605 4807 771 4872 alimentis
792 4811 830 4874 ed
846 4813 942 4876 vitam
963 4831 1077 4876 neces·
1129 4821 1337 4885 elementum,
1353 4812 1387 4876 in
1402 4829 1468 4892 qno
1484 4812 1571 4876 iilius
1584 4811 1626 4876 ob
1640 4811 1753 4876 odium
1767 4814 1913 4876 maulaio

288 4899 385 4966 seriis
414 4903 533 4982 privari
563 4925 628 4970 non
659 4918 774 4988 potest.
802 4927 874 4974 eum
899 4913 1079 4978 debeantur
1131 4911 1198 4976 sola
1217 4911 1359 4991 legitima
1389 4911 1593 4976 institutusa
1608 4919 1696 4992 patra
1716 4913 1772 4989 sit,
1792 4913 1913 4974 irritum

282 5003 1080 5096 jurenaturm3nnodajnreoivilitollinonpo-
1131 5019 1340 5087 remanebat
1373 5011 1444 5074 talis
1474 5013 1562 5078 lilius
1594 5013 1741 5078 succedit
1776 5016 1854 5092 patri
1884 5014 1913 5076 in

288 5113 364 5172 test.
380 5106 452 5181 ris.
473 5109 582 5174 Lruun.
604 5109 659 5172 lib.
679 5129 722 5184 rr,
736 5129 763 5176 a.
781 5114 801 5176 2
821 5113 921 5190 libe,
941 5135 961 5180 n
992 5117 1077 5200 att.)
1132 5115 1283 5178 universa
1309 5113 1495 5179 haereditate
1513 5124 1662 5194 munnam
1684 5115 1725 5179 ab
1753 5116 1911 5178 intestato.

433 5207 526 5284 itti.
551 5242 588 5253 -
612 5211 650 5269 De
673 5214 838 5272 baereditatis
862 5215 936 5288 iure.
1129 5219 1175 5281 lta
1205 5218 1431 5298 magistraliter
1454 5221 1534 5280 Rota
1557 5219 1591 5281 in
1607 5219 1769 5293 terminis,
1785 5221 1822 5282 r'u
1843 5217 1915 5280 Ful·

329 5307 397 5369 Etsi
413 5307 590 5373 moriantur
612 5318 642 5372 et
665 5309 725 5374 bor
747 5313 869 5376 mundo
894 5317 1078 5384 successive
1130 5320 1270 5398 pirano.
1284 5319 1443 5382 nullitrtir
1459 5329 1635 5382 testebrant.
1656 5319 1732 5382 llail
1749 5321 1839 5389 tritt,
1857 5317 1913 5396 53,

290 5407 448 5490 emigrent
462 5409 636 5486 individui,
647 5409 768 5475 familia
783 5429 848 5478 non
865 5413 913 5478 sio
929 5417 1078 5496 moritura
1132 5421 1193 5484 ibi:
1208 5421 1262 5484 Ea
1279 5420 1459 5498 parcissimis
1474 5421 1555 5496 iuris
1567 5419 1712 5500 ¹foralibus
1743 5420 1916 5500 equisone

291 5510 504 5593 hauguidem
520 5521 568 5576 est
583 5513 814 5580 rerabnmante
824 5520 948 5596 speciei
963 5539 1079 5600 reprce-
1130 5534 1234 5586 monet
1248 5523 1403 5586 sententio
1427 5523 1484 5584 ilio
1497 5539 1564 5600 paro
1578 5530 1680 5584 meoet
1693 5530 1807 5582 eontra
1839 5520 1915 5598 legar

291 5611 441 5688 tentatio,
460 5620 502 5690 et,
523 5613 607 5677 sieut
623 5615 728 5678 omnis·
742 5624 848 5680 ereata
872 5621 1011 5697 speeies,
1034 5621 1081 5684 la·
1130 5622 1443 5706 prugrouurifilium
1457 5624 1558 5702 quien
1574 5621 1646 5685 odio
1662 5619 1868 5686 tremuerauli
1884 5620 1915 5682 io

294 5713 382 5778 milia
396 5725 444 5780 est
461 5725 626 5797 perpetua.
646 5719 743 5800 Atqui
762 5719 955 5801 regetnliurn
968 5733 998 5788 cl
1013 5727 1081 5808 arti·
1133 5720 1915 5802 tertimninrelelegitimuuputrer'natilrriturpro·

297 5817 428 5890 pralium
441 5820 565 5900 species
579 5821 767 5886 omnessnis
785 5823 961 5904 progenitis
974 5829 1079 5890 nustria
1133 5835 1300 5908 porroque
1315 5819 1468 5904 ejrrrrnodi
1486 5828 1703 5883 terruorerrtunr
1723 5838 1790 5882 ooo
1806 5819 1916 5882 iniere:
