4004 6458
69 409 129 474 195
288 407 388 472 PARS
406 409 440 472 V.
465 407 515 472 DE
532 407 763 472 1111111119.-
777 405 854 470 ua.
876 405 965 472 1111.
982 405 1033 470 ba
1058 406 1250 470 ECCLESIAE
1266 405 1494 472 messaara.
1532 486 1536 492 ¹
1653 407 1709 475 799

71 529 134 596 ιιι,
164 519 307 584 occurrit
335 524 367 584 et
396 518 457 582 ista
490 517 551 582 sub
575 518 643 582 n·ls
661 515 863 598 :Propositio
922 515 1062 596 ipsemet
1102 515 1222 592 latetur
1266 516 1497 594 Gothalratlus,
1520 529 1708 591 raommeat.

68 620 272 702 affirmares«
302 618 434 682 ιιὺιιιιιιιι
447 621 517 701 [ore
532 617 736 682 auctoritatis
750 618 865 682 Eccle·
921 616 977 680 lib.
995 635 1075 691 xxx,
1102 617 1230 682 Codicis
1256 617 1372 682 Tlteotl.
1388 619 1425 681 tle
1442 620 1612 686 hereticis.
1639 624 1709 688 Att-

67 723 140 798 sioe,
154 721 374 800 traussereatlo
384 721 471 784 illum
483 720 571 782 ultro
585 721 702 784 limites
714 720 868 784 electrina
920 726 990 779 cler
1005 724 1091 780 cette
1108 717 1166 780 hac
1181 719 1214 780 in
1230 736 1263 782 re
1281 717 1415 780 minime
1426 729 1609 798 suspectus.

74 842 111 885 ac
137 841 274 896 mamm,
300 831 334 885 et
361 840 428 883 eam
444 821 641 884 ostendendo
657 820 761 884 adres
776 831 864 884 eate-
957 815 1023 877 lll'·
1058 817 1112 878 Ετσ
1137 818 1299 897 vl'ttllrtlltl
1328 835 1432 898 119119,
1458 819 1600 898 quamab
1617 820 1704 884 enli-

73 921 193 994 riores,
217 929 246 983 et
258 937 322 998 per
336 917 562 998 uimeaipentlo
576 916 611 980 iel
624 917 707 998 puotl
718 920 832 999 psallet
847 935 866 978 a
919 917 1069 996 quissimo
1099 936 1162 980 oeoo
1195 918 1341 984 Ecclesia
1355 919 1501 999 iatlipere
1516 921 1614 982 solita
1631 922 1708 1000 suit,

70 1019 280 1099 persuasione
301 1029 336 1080 et
353 1015 447 1080 cortle
461 1039 472 1088 ,·
488 1028 554 1082 tum
571 1017 680 1092 etiam,
695 1017 793 1078 multo
806 1018 864 1079 mi·
920 1024 999 1080 teste
1023 1019 1218 1096 Augustino,
1239 1017 1335 1096 epist.
1367 1018 1437 1090 192,
1458 1026 1492 1080 ιι·
1506 1019 1539 1089 9,
1566 1022 1604 1081 ati
1627 1021 1711 1083 blar-

72 1139 135 1183 nus
162 1121 204 1182 oti
224 1137 289 1180 eam
304 1121 465 1202 pertinere
491 1121 618 1198 ccipere
632 1137 690 1198 per
704 1121 767 1183 uim
782 1125 865 1180 ecte·
919 1116 1075 1180 callistum
1101 1117 1269 1180 tribunum
1294 1117 1327 1180 iu
1346 1133 1410 1196 qua
1432 1117 1577 1179 bortatur
1591 1124 1625 1180 ιιι
1642 1134 1711 1179 rer·

72 1220 192 1282 riorem
220 1218 441 1298 subjectionem
454 1220 522 1280 suis
538 1219 671 1281 oraretis
689 1239 700 1281 :
716 1242 730 1276 ι
746 1219 862 1296 Quate-
919 1215 1051 1280 heribus
1076 1218 1241 1289 duntaxat,
1263 1233 1327 1280 non
1345 1234 1422 1281 vero
1438 1219 1628 1282 durioribus
1645 1227 1709 1283 tor·

70 1337 135 1381 nus
153 1318 410 1382 tuomrmtmsts
436 1316 650 1384 illisuerbisa
664 1317 864 1394 extrudentia
920 1317 1036 1380 mentis
1065 1316 1098 1380 in
1115 1317 1299 1381 Donatistae
1316 1316 1564 1391 animadvertet,
1580 1322 1709 1380 annotat

72 1419 179 1481 coires
197 1420 370 1483 eatemores
384 1441 401 1478 s
417 1421 594 1483 motetoelut
612 1421 741 1484 ιιιιιιιιιιι
756 1430 866 1482 aueto-
918 1417 1046 1504 solitam
1076 1417 1180 1480 tuisse
1198 1419 1376 1482 verborum
1394 1433 1516 1494 poenam
1532 1417 1709 1496 abepisco-

70 1519 185 1582 ritatis
210 1519 373 1592 Ecclesia,
384 1520 561 1602 assamque
569 1521 739 1601 potestatis
754 1536 865 1598 acaep-
919 1519 970 1600 pis
1004 1517 1164 1582 adhiberi.
1204 1519 1243 1582 Et
1273 1519 1479 1580 conlirmatur
1511 1517 1708 1580 excortailio

71 1627 116 1682 ta
137 1639 158 1680 a
171 1620 248 1690 Deo,
261 1637 322 1699 quo
333 1621 390 1682 usi
403 1629 477 1683 suat
495 1629 525 1682 et
536 1622 659 1700 ipsimet
676 1620 814 1700 apostoli
830 1621 866 1682 in
919 1617 1108 1699 Agathensi,
1130 1634 1183 1681 an.
1196 1619 1266 1692 596,
1280 1635 1350 1680 can.
1368 1619 1432 1692 383
1449 1617 1590 1680 coneilio
1606 1621 1710 1682 Turo-

72 1718 250 1800 tls'seiplt'sso
264 1721 422 1783 celeriore
431 1720 659 1784 constituenda
677 1731 706 1785 et
717 1722 865 1784 raucien-
919 1719 1027 1792 nansi,
1046 1737 1099 1784 an.
1132 1720 1203 1795 561,
1236 1737 1306 1783 cao.
1328 1721 1393 1794 9ος
1420 1718 1563 1782 concilio
1587 1719 1709 1782 llarbo-

73 1819 297 1893 aattoemueu.
321 1822 392 1898 Quo
411 1832 503 1900 parte
530 1821 674 1884 inanest
691 1823 865 1886 Ecclesiam
919 1820 1028 1896 nansi,
1041 1837 1094 1884 an.
1108 1821 1179 1894 589,
1201 1836 1273 1882 can.
1291 1820 1339 1892 19,
1355 1827 1416 1882 ete.

71 1937 140 1980 man
179 1919 291 1981 bebere
318 1921 540 1982 auctoritatem
570 1919 777 2002 comestionis
796 1923 864 1984 suis
959 1922 1025 1984 ΙΨ.
1045 1920 1243 2000 Eaaatiquo
1261 1938 1322 1982 usu
1349 1935 1446 1998 pana
1476 1917 1598 1982 exsilii.
1620 1951 1659 1964 -
1673 1918 1711 1980 ln

72 2017 210 2082 clametis
232 2020 391 2100 saipeutlor
418 2021 514 2082 aliter
551 2039 643 2102 quam
667 2038 728 2100 per
762 2020 865 2084 mettio
918 2017 1708 2093 concilloaomenoannt503,italecretumtuit:

75 2138 145 2200 pua
166 2119 302 2199 pendeat
321 2139 340 2181 a
359 2122 564 2200 persuasione
575 2142 584 2190 ,·
595 2135 749 2200 quatemus
760 2123 865 2183 inteu-
918 2121 965 2182 tet
978 2122 1033 2200 ptri
1047 2118 1182 2182 aduersa
1196 2119 1241 2183 eis
1254 2118 1443 2192 moliuntur,
1459 2119 1544 2180 sicut
1557 2137 1578 2178 a
1589 2119 1709 2180 sanetis

74 2220 129 2283 slot
156 2223 328 2285 Ecclesiam
347 2241 413 2284 nost
439 2221 554 2286 nubere
578 2221 726 2284 collatam
763 2222 826 2286 sibi
843 2241 864 2282 a
918 2221 1070 2284 Patribus
1089 2219 1206 2283 aueum
1224 2217 1709 2297 stacteumesaettorltespuo-

72 2325 141 2385 Deo
170 2333 367 2403 potestatem,
397 2322 596 2386 mensalem
624 2324 784 2403 diripemtli
805 2341 864 2404 per
919 2317 986 2382 doli
1015 2330 1044 2380 et
1064 2320 1243 2399 apostolico
1268 2320 1459 2382 auctoritate
1474 2318 1633 2397 firmatur,
1650 2334 1708 2396 ps·

74 2425 223 2502 consilia,
251 2426 306 2488 secl
334 2429 427 2490 etiam
437 2425 574 2508 iubendi
583 2445 642 2506 per
653 2425 744 2504 lepor.
756 2447 793 2490 ac
807 2427 862 2488 tle-

74 2529 147 2590 oios
162 2537 416 2607 contumacesque
431 2530 589 2590 exteriore
599 2529 725 2610 judicio
736 2527 866 2591 acsalu·

76 2627 186 2690 brittus
210 2629 310 2708 partis
339 2626 514 2702 cosrocrstli,
549 2629 864 2708 atpueeopentliein·

74 2727 192 2792 ducem
218 2729 254 2791 in
269 2736 403 2808 systema
422 2728 503 2790 olias
527 2728 706 2792 oummcom
719 2739 756 2792 ut
770 2732 865 2793 tere-

75 2831 185 2892 tirum.

115 2928 148 2993 ls.
167 2931 202 2991 ln
220 2928 310 2991 breri
329 2927 508 3008 dogmatica
521 2929 575 2990 M
593 2931 863 3010 apostolicaque

75 3029 155 3090 Pius
169 3031 226 3102 111,
243 3045 340 3108 quem
360 3031 448 3091 Deus
472 3028 629 3108 sospitem
648 3039 766 3100 servet,
787 3047 864 3110 ope·

75 3145 109 3190 ra
138 3126 270 3190 loannis
286 3127 567 3206 Nuytztlamnatit
597 3126 650 3188 die
675 3128 863 3207 ibbugnsti

75 3231 166 3302 1851,
188 3231 271 3290 inter
296 3228 481 3307 reprobatas
499 3227 739 3306 propositiones
756 3244 865 3291 recen·

74 3337 167 3392 astur
186 3329 298 3406 opinio
312 3344 374 3408 qua
386 3329 542 3390 asseritur
567 3327 741 3390 Ecclesiam
754 3327 802 3388 eis
814 3330 864 3390 in·

73 3428 212 3510 serenda
231 3435 421 3508 potestatem
448 3445 512 3489 aaa
526 3426 650 3498 trabere,
665 3444 762 3506 acque
770 3435 864 3508 pete·

73 3538 188 3590 statem
202 3526 298 3590 ullam
310 3528 461 3589 directam
474 3524 733 3596 uelintlirectam.

119 3633 200 3710 Ergo
228 3646 338 3692 reuera
363 3629 514 3693 Ecclesia
537 3636 718 3707 competere
735 3626 863 3707 proprie

76 3731 196 3794 dictem
223 3728 429 3811 judiciariam
452 3737 644 3809 potestatem
668 3709 862 3792 citeriorem

76 3843 109 3896 et
139 3834 204 3894 rim
235 3830 422 3903 coactivam,
439 3829 472 3890 ie
488 3837 549 3903 est,
568 3830 720 3892 exteriori
733 3827 864 3908 judicio

74 3931 255 4013 judieanrli,
274 3929 409 4012 cogenti
437 3939 468 3992 et
490 3929 659 3992 coercendi
682 3945 787 3992 reram
805 3945 863 4008 po·

74 4037 235 4105 testatem,
259 4047 323 4093 non
353 4039 476 4092 tantum
493 4038 541 4092 est
558 4046 631 4091 vera
651 4036 682 4092 et
706 4037 790 4090 certe
807 4029 865 4090 do-

75 4133 193 4214 ctrine,
209 4135 265 4194 sctl
279 4135 374 4194 etiam
399 4131 562 4194 multoties
578 4139 729 4208 tanquam
746 4130 786 4192 de
802 4130 862 4190 lude

75 4249 232 4312 expresse
257 4233 388 4294 delinita
404 4252 413 4303 t
429 4239 460 4294 et
479 4231 519 4294 cle
535 4231 695 4292 contrarie
707 4228 864 4308 opinione

76 4339 198 4428 puriter
222 4352 376 4416 expresse
388 4333 556 4396 delinitum
568 4341 616 4394 est
629 4348 698 4394 eam
714 4348 785 4394 csse
800 4330 863 4392 lta·

75 4426 219 4478 retorem.
245 4474 256 4480 ..

322 4547 477 4590 antecellit)
496 4546 621 4589 &eunom

115 4648 269 4705 Potestates
279 4647 402 4704 eeclesia
413 4646 559 4702 coercitira
572 4641 746 4713 intelligenda
757 4651 864 4698 estnon

75 4746 168 4800 colum
184 4742 217 4796 lc
235 4740 323 4811 paenis
339 4737 546 4814 spiritualibus,
560 4737 608 4793 aeti
624 4735 706 4792 etiam
720 4734 755 4791 (le
775 4734 866 4806 plania

76 4833 275 4906 temporalibus
289 4840 318 4888 et
331 4831 529 4902 corporalibus.

117 4949 326 5020 Probalnrl·,
353 4945 537 5023 monetque
572 4940 744 5021 disciplima
767 4941 867 5021 pani·

77 5051 186 5114 tentia
206 5048 351 5127 publiea,
381 5061 445 5126 qua
476 5053 637 5106 certo-rum
669 5042 865 5121 flagitiorum

77 5151 128 5214 rci
157 5149 370 5228 adigebantur
395 5147 434 5209 ad
464 5143 684 5226 poenitcntiem
703 5141 864 5222 publicem

76 5252 236 5331 agendam
261 5247 323 5310 sub
349 5243 694 5311 excommunicationis
713 5240 868 5320 etexpul·

78 5352 186 5414 sionis
208 5349 248 5410 ab
275 5346 416 5410 Ecclesia
445 5363 547 5424 poena,
566 5343 756 5408 ullatentur
770 5345 867 5406 ctiam

78 5447 270 5512 adversarii.

119 5551 162 5613 ΙΙ.
197 5549 251 5610 Ec
265 5546 486 5627 antiquissimo
502 5563 663 5607 carcerum
681 5543 869 5607 ecclesiacti-

78 5670 190 5715 eoram
204 5670 277 5712 usu.
290 5683 328 5694 -
354 5653 379 5710 ll
414 5647 628 5710 remotissime
651 5663 766 5726 nempe
780 5643 865 5706 enti·

918 2424 1007 2484 nitus
1021 2422 1227 2502 objiciantur,
1240 2429 1269 2482 et
1280 2421 1407 2495 casilia,
1420 2419 1486 2482 suis
1504 2419 1647 2480 carnibus
1656 2436 1711 2480 stt·

918 2523 1024 2598 blatis,
1069 2533 1223 2603 perpetuo
1247 2519 1418 2584 traderetur
1450 2521 1585 2601 (Laeca,
1601 2527 1625 2584 t.
1668 2520 1709 2592 V,

919 2625 980 2688 col.
1012 2623 1083 2698 591,
1115 2624 1194 2688 edit.
1220 2619 1349 2702 Vertat.)
1375 2621 1468 2696 Quod
1499 2621 1708 2684 coinfirmatur

919 2744 1009 2792 cone.
1026 2724 1270 2799 aurelianensi,
1285 2740 1339 2786 an.
1356 2722 1428 2796 alt,
1442 2737 1516 2784 can.
1529 2721 1569 2784 99
1584 2741 1593 2795 ;
1610 2736 1703 2786 cona.

920 2828 1089 2900 Toletano,
1107 2842 1160 2888 an.
1174 2825 1245 2899 881,
1260 2837 1330 2887 cau.
1350 2822 1398 2883 11.

958 2928 1009 2990 V·.
1040 2928 1095 2989 Ea
1121 2927 1251 3001 antiquo
1275 2941 1336 2984 usu
1358 2921 1490 2984 mulctas
1506 2919 1709 3001 pecuniarias

918 3026 1184 3110 imponentia-t
1201 3029 1225 3086 A
1242 3024 1356 3104 primis
1371 3021 1572 3101 temporibus
1588 3017 1711 3098 reperi·

919 3147 992 3193 mus
1012 3128 1045 3191 id
1063 3129 1162 3191 maris
1183 3125 1340 3206 viguisse,
1358 3131 1392 3186 ut
1405 3123 1556 3186 Ecmesiee
1573 3120 1708 3200 praelati,

919 3230 1146 3306 delinquentes
1161 3229 1199 3289 ad
1219 3224 1439 3306 paenitentiam
1457 3219 1620 3302 publicam
1634 3236 1711 3282 con·

920 3332 1113 3404 damnantia,
1145 3345 1229 3406 saepe
1261 3326 1342 3405 ipsis
1358 3323 1567 3404 injungerent
1585 3319 1711 3384 notebi·

919 3431 982 3494 lem
1002 3429 1146 3510 pecunias
1172 3442 1328 3488 summam
1362 3421 1558 3502 pauperibus
1590 3417 1707 3482 distri·

918 3533 1123 3596 bustulam.»
1158 3529 1314 3600 (Breuem,
1337 3524 1458 3585 Politia
1478 3520 1560 3584 tlella
1585 3520 1709 3592 Citiesa,

918 3635 975 3697 lib.
996 3651 1032 3705 ιι,
1056 3631 1122 3694 als
1149 3631 1210 3706 19,
1240 3638 1272 3690 n⁶
1295 3628 1326 3700 9,
1339 3633 1416 3688 ιοιιι.
1442 3625 1497 3696 lV,
1522 3623 1646 3700 pliltlt
1664 3627 1708 3684 ,et

919 3734 1126 3798 confirmatur
1152 3744 1243 3790 conc.
1269 3724 1416 3800 Certltag.
1433 3738 1486 3784 an.
1501 3721 1574 3794 398,
1595 3725 1656 3782 etc.
1671 3750 1710 3762 -

920 3833 1011 3914 (Vide
1022 3827 1289 3902 Rementemlllv,
1299 3826 1341 3886 De
1354 3819 1467 3901 spuet.
1484 3819 1573 3884 otae.
1599 3818 1657 3882 tib.
1672 3835 1708 3892 x,

920 3951 948 3997 c.
969 3935 1000 3994 9.

961 4055 976 4091 ι
998 4031 1168 4094 Probatum
1197 4041 1276 4104 ergo
1291 4028 1433 4086 remanet
1454 4016 1632 4082 Ecatcsiam
1651 4031 1708 4094 per

920 4152 977 4198 sex
1007 4133 1115 4212 priora
1142 4127 1257 4192 secula
1274 4120 1467 4198 temporales
1483 4113 1710 4192 etcorporales

921 4251 1028 4316 paenas
1046 4236 1077 4296 in
1096 4225 1355 4294 emendationem
1374 4216 1638 4294 delinquentium
1655 4216 1710 4276 etl-

920 4336 1067 4400 hibuisse
1085 4355 1093 4396 s
1117 4330 1204 4410 quoe
1229 4335 1337 4390 eutem
1353 4339 1390 4386 ee
1409 4317 1516 4398 praxis
1534 4325 1646 4396 postea
1663 4315 1710 4375 ri·

920 4453 999 4517 gens
1027 4433 1144 4512 pariter
1174 4427 1365 4505 reperiatur,
1394 4425 1488 4497 neget
1506 4411 1706 4494 nullusmll).

920 4541 1037 4607 Boutx,
1054 4535 1097 4596 De
1116 4529 1264 4613 judiciis,
1280 4533 1301 4586 ι.
1321 4525 1349 4598 l,
1368 4540 1398 4599 p.
1410 4521 1475 4599 59.)

960 4638 1028 4698 Vl⁰.
1057 4634 1110 4696 Es
1126 4627 1270 4692 conciliis
1299 4620 1505 4690 ocumanius.
1535 4614 1708 4680 -Concl·

920 4739 1001 4802 lium
1027 4738 1241 4798 belesmense
1258 4745 1305 4800 ιιι,
1320 4721 1397 4786 anni
1426 4719 1516 4792 tlte,
1545 4716 1578 4778 in
1601 4714 1704 4778 beers-

921 4840 1002 4902 ticos
1026 4848 1147 4914 romeam
1165 4824 1356 4909 privationis
1380 4822 1585 4884 bonorumet
1601 4813 1708 4878 serri-

923 4939 1002 5002 tutis
1021 4931 1184 5004 decernit;
1200 4937 1297 5009 etque
1313 4923 1535 4988 hereticorum
1559 4914 1708 4981 subditos

921 5041 961 5108 ab
988 5035 1186 5116 obligatione
1211 5020 1535 5094 fulelitatisebsolrit.
1552 5014 1710 5097 (Concilio

921 5142 1051 5210 Mareu,
1069 5142 1091 5195 l.
1118 5151 1176 5205 xx,
1196 5147 1226 5208 p.
1238 5127 1322 5204 939.)
1339 5125 1433 5186 Cerno.
1444 5123 1658 5182 lateranense
1677 5129 1709 5173 tr

922 5258 975 5304 an.
995 5237 1087 5300 '1215
1104 5252 1132 5297 c.
1150 5233 1181 5304 8,
1207 5229 1253 5291 De
1283 5224 1451 5296 hereticis,
1469 5219 1586 5282 multas
1602 5229 1708 5291 proenes

922 5338 1108 5421 corporales
1135 5340 1167 5396 el
1192 5327 1383 5408 temporales
1403 5330 1514 5388 contra
1540 5315 1707 5382 haereticos

922 5435 1111 5504 111111ιί1-
1125 5427 1306 5496 Concilium
1319 5423 1535 5503 lugdunense
1548 5433 1600 5480 en.
1619 5411 1708 5486 1915,

923 5507 1163 5618 imperatorem⁰
1184 5527 1362 5592 ilenricum
1393 5525 1422 5587 ll
1442 5535 1541 5600 regno
1554 5512 1707 5599 privarit,

923 5634 1118 5702 sententiam
1150 5621 1532 5704 auetoritateopastolico
1561 5631 1709 5697 pronun·

79 5753 203 5830 quitata
217 5767 313 5830 penas
329 5747 619 5811 Ecclesiamfuisse
634 5763 791 5818 carceres,
809 5742 866 5823 qui
924 5741 1024 5804 tiante
1056 5738 1199 5798 llomano
1229 5727 1390 5804 pontifice,
1414 5731 1444 5788 et
1466 5731 1533 5784 toto
1556 5712 1709 5829 concilio,

80 5851 244 5916 veronica
268 5849 473 5926 vorabantur,
497 5845 670 5925 probarunt
685 5842 818 5920 cruditi,
835 5853 866 5907 et
910 5847 1126 5920 contentum
1155 5836 1328 5914 presente,
1345 5836 1380 5894 ut
1411 5828 1478 5890 tult
1506 5825 1708 5889 Bossuetrus,
