4046 6460
111 423 175 494 815
425 427 525 492 etus
544 427 604 494 111.
621 428 673 493 DE
690 428 891 498 tensurus,
910 430 1040 496 -L11t
1059 433 1113 498 1x.
1132 435 1183 500 att
1203 435 1340 516 tttcts,
1357 441 1440 508 ETC.
1607 495 1610 500 ,
1691 445 1750 514 346

109 538 314 602 Theodosius
334 543 515 602 statuerunt
536 558 548 599 .·
569 547 600 601 et
619 538 752 604 tarotos
775 540 909 604 inuoca-
962 550 1149 606 nostrornm
1163 546 1297 610 consilio
1310 546 1506 614 declaramus
1526 551 1626 633 luisse
1643 565 1753 620 stesso

107 640 177 715 ait,
194 637 232 703 de
247 639 338 724 cuius
350 656 464 719 neuere
474 640 615 720 reaipse
624 640 769 702 noscitur
784 638 910 704 descen·
962 643 1088 704 omnino
1100 644 1212 709 irritos
1226 655 1257 710 et
1270 649 1429 713 innuen...

108 740 204 806 disse
222 763 235 805 .·
254 743 430 823 quicunqne
459 739 607 806 uidelicet
626 741 715 805 litem
738 741 907 808 aalma...
1002 744 1041 805 Et
1063 745 1286 834 tendemcap.
1303 749 1400 811 Unam
1414 759 1554 813 sanctam
1571 753 1602 828 1,
1615 753 1664 819 tit.
1682 773 1752 832 vast,

107 843 149 907 Si
154 843 323 924 judicium
342 840 473 924 eiecerit
494 851 703 907 sacrosanctae
731 842 813 908 sedis
827 846 912 909 antl-
961 849 1007 912 lle
1041 851 1182 932 majorit.
1212 859 1242 913 et
1268 851 1421 916 obedient.
1449 852 1505 916 lib.
1533 871 1544 915 t
1572 854 1752 936 Eutrauoa.

109 945 222 1021 stitis,
236 944 324 1008 illico
347 945 417 1006 sine
442 941 551 1026 oliano
565 944 761 1010 autttestone
776 945 912 1028 (etiamsi
963 967 1085 1024 comm..
1103 967 1143 1014 ex
1157 967 1224 1032 quo
1243 969 1313 1031 cap.
1330 950 1455 1031 aliquid
1465 954 1641 1034 decerpere
1662 955 1753 1036 libet,

110 1063 198 1126 pars
225 1045 291 1110 alia
318 1044 510 1128 retranstur)
524 1046 566 1110 ad
583 1049 803 1129 episcoporum
820 1047 912 1128 judi·
962 1047 1038 1111 ibi:
1068 1048 1166 1111 Unam
1190 1059 1330 1112 ranetam
1364 1051 1538 1116 Ecclesiam
1567 1055 1772 1118 catltalicam'

111 1148 208 1209 cium
232 1167 303 1212 cum
335 1166 476 1212 sermons
512 1149 708 1230 litiyantium
736 1149 911 1230 dirigatur:
963 1158 993 1212 et
1018 1150 1119 1232 ipsam
1144 1150 1350 1232 apostolicam
1378 1164 1509 1234 nraente
1534 1154 1594 1236 tide
1628 1155 1753 1218 credero

112 1244 201 1308 Cum
222 1249 304 1312 enim
330 1267 395 1314 non
423 1251 565 1314 tuncne
589 1252 830 1327 constitutioni,
858 1249 912 1314 sed
963 1249 1106 1329 canimur
1126 1256 1157 1311 et
1184 1259 1340 1319 tenere...
1357 1252 1568 1333 Eutraqnam
1589 1273 1645 1317 nea
1663 1255 1753 1318 salus

112 1347 237 1410 diuina
270 1349 381 1431 potius
416 1349 616 1425 innitamur,
656 1352 731 1430 quin
764 1361 907 1432 potestas
962 1358 1098 1430 est„nce
1114 1353 1259 1420 remissio
1269 1362 1525 1432 peecatorum...
1552 1351 1628 1431 Qua
1653 1373 1754 1418 nuum

111 1456 421 1512 nostranonestsu
433 1449 568 1526 ltamine,
584 1447 640 1512 sed
652 1467 693 1511 su
707 1451 785 1526 Deo,
799 1450 908 1515 nullus
963 1469 1079 1532 corpus
1099 1453 1265 1533 mysticum
1286 1462 1511 1534 representat,
1536 1459 1627 1537 auJ'ne
1657 1463 1754 1536 eaput

114 1550 174 1630 qni
190 1552 236 1614 sit
250 1569 333 1613 sana
347 1551 460 1613 mentis
477 1551 614 1633 inuocat,
627 1553 704 1632 qnia
721 1550 912 1635 adolficium
963 1553 1144 1618 Christus:
1169 1556 1379 1620 Clristiocro
1405 1556 1488 1618 Dens
1493 1601 1553 1621 .....
1569 1557 1676 1637 initur
1692 1557 1756 1619 Ec-

115 1659 266 1713 nostrum
285 1659 404 1732 spectet
424 1653 461 1714 de
479 1668 662 1734 quocunqne
687 1652 819 1716 mortali
840 1668 913 1730 nec·
963 1655 1065 1719 cleeioe
1085 1657 1183 1720 unius
1212 1666 1242 1720 et
1263 1659 1376 1733 unico,
1391 1675 1490 1720 unum
1513 1673 1642 1736 corpus,
1656 1673 1756 1718 unum

112 1760 191 1813 cata
211 1753 373 1832 corripere
391 1753 556 1834 quemlibet
574 1753 862 1818 Christiannmeet
883 1754 913 1816 si
963 1765 1074 1836 caput,
1095 1775 1170 1819 non
1203 1756 1265 1820 dno
1292 1759 1412 1838 capita,
1440 1759 1531 1838 qnasi
1560 1767 1751 1833 monstrum,

114 1857 352 1934 correptionem
378 1854 616 1936 contempserit,
645 1872 706 1935 per
735 1854 912 1919 districtio·
963 1856 1267 1921 Clristueaidelicet
1287 1867 1316 1920 et
1333 1857 1454 1922 Citristi
1471 1859 1611 1920 vicarius
1625 1859 1752 1934 Petrus,

112 1972 189 2016 uem
206 1953 448 2018 ecelesiasticam
461 1972 613 2019 coercere.
626 1954 688 2017 Sed
696 1957 808 2036 forsan
825 1956 911 2019 dice·
962 1957 1112 2039 Pctriqne
1145 1974 1325 2034 successor,
1353 1957 1476 2022 dicente
1512 1959 1645 2020 Domina
1682 1961 1753 2039 ipso

113 2066 187 2130 tur,
200 2054 284 2136 quad
297 2054 392 2118 alitor
414 2073 483 2117 enm
508 2053 636 2134 renibus
664 2063 692 2115 et
719 2055 814 2116 alitor
842 2071 912 2115 cum
963 2059 1076 2122 Petra.-
1089 2060 1187 2123 Pasce
1199 2077 1363 2122 aeecmeas
1383 2058 1490 2140 (loon.
1505 2075 1562 2132 xx,
1581 2059 1643 2138 17),
1660 2077 1752 2132 meas,

113 2156 195 2220 aliis
213 2165 267 2218 *etl
288 2154 452 2236 noandum·
471 2155 621 2219 Ceterum
639 2155 794 2234 scriptum
818 2155 912 2217 '⁸⁰⁰5-
962 2163 1079 2241 inanit,
1101 2169 1130 2224 ct
1148 2159 1351 2240 aencraliter,
1373 2178 1439 2222 non
1461 2157 1671 2239 einaulcritcr
1698 2159 1754 2222 ltas

114 2275 189 2318 mus
211 2259 247 2320 in
264 2259 328 2338 leae
346 2256 477 2320 diuina:
492 2279 507 2314 s
522 2258 575 2319 lta
588 2274 736 2337 mannum
747 2254 912 2337 judicalis
961 2262 1011 2324 ael
1021 2262 1106 2337 illas,
1120 2278 1179 2341 per
1194 2260 1279 2342 quod
1298 2259 1487 2322 commisisse
1519 2258 1582 2322 sili
1599 2258 1754 2338 iutelliai·

113 2364 153 2420 sti
174 2375 324 2438 parvum,
346 2374 402 2418 nea
425 2357 487 2419 ert'l
508 2354 597 2436 dated
614 2365 643 2419 lt
666 2357 808 2435 avteplt'v
830 2375 910 2436 ptr·
963 2371 1018 2427 tur
1041 2363 1218 2426 uniuersas.
1239 2362 1310 2424 Siue
1330 2377 1403 2439 ereo
1430 2358 1534 2421 Greci
1554 2359 1618 2420 siae
1643 2359 1702 2421 alii
1722 2377 1755 2420 se

116 2473 287 2519 wimm-
311 2477 326 2514 ¹⁰
348 2455 452 2535 (Diui
480 2472 503 2529 ¹2
532 2454 596 2536 st)
624 2453 713 2517 lim
737 2457 911 2544 “aliudve
962 2465 1070 2530 dicant
1086 2464 1182 2526 Petra
1205 2463 1330 2543 eiusque
1348 2456 1580 2521 successoribus
1601 2475 1666 2518 non
1689 2474 1754 2519 esse

115 2555 212 2618 modo
224 2553 563 2636 procedereocteomns
582 2569 679 2634 super
694 2551 833 2634 qnotttet
849 2553 913 2618 cet·
963 2566 1153 2639 commissos,
1180 2563 1343 2642 fateantur
1365 2575 1486 2620 necesse
1515 2575 1547 2618 co
1577 2555 1614 2618 ae
1644 2557 1753 2619 cottae

115 2656 372 2736 ΜῙΜΠΜΜΜ
376 2699 438 2719 ·····
456 2655 618 2736 mistim
636 2674 706 2716 “lm
729 2665 841 2719 imm
855 2674 914 2736 PG·
963 2665 1084 2732 Cleristi
1095 2641 1161 2726 non
1176 2679 1238 2724 csse
1250 2681 1261 2722 .·
1271 2660 1393 2722 dicente
1407 2656 1540 2720 Domino
1555 2657 1590 2720 iu
1606 2657 1754 2718 loannes

117 2761 185 2819 itm
206 2765 370 2838 pimini,
387 2775 454 2838 W
474 2765 520 2818 ⁶⁸3
548 2756 709 2819 vinculum
731 2756 911 2820 cllffl'l'wll'i·
964 2770 1065 2832 linum
1079 2764 1159 2829 anile
1174 2775 1204 2826 et
1217 2762 1346 2826 unicum
1362 2778 1426 2823 esse
1446 2766 1620 2841 pastorem.
1637 2757 1676 2819 ln
1692 2758 1752 2819 lac

120 2859 285 2920 Postremo
313 2875 383 2920 etim
404 2857 490 2918 iliter
502 2873 590 2936 reyes
620 2857 707 2936 lpwi
739 2858 913 2938 reformant
963 2871 1090 2951 ejusque
1101 2871 1257 2946 polemi?
1273 2855 1578 2939 duoeeegeyladiog,
1597 2858 1754 2936 spiritua.

118 2963 245 3044 suerint
267 2949 502 3042 antissiodero,
530 2967 561 3022 et
585 2962 734 3041 utrinque
764 2964 910 3041 prestito
963 2967 1022 3031 lem
1056 2962 1201 3026 uidelicet
1219 2955 1269 3022 'et
1306 2959 1519 3038 temporalem,
1554 2953 1753 3034 Euangeliou

118 3063 258 3141 proprio
268 3062 445 3141 iuramento
466 3060 603 3140 Mutata,
614 3079 681 3141 que
698 3073 801 3124 tamen
814 3079 912 3142 usqne
962 3061 1057 3125 dictis
1071 3060 1325 3123 instruimur.....
1346 3058 1478 3134 Uterque
1493 3071 1565 3133 erno
1582 3060 1627 3115 est
1649 3052 1684 3114 in
1695 3069 1755 3132 po·

119 3161 161 3224 ad
176 3169 299 3241 tempus
312 3169 524 3242 prolocutum
548 3170 673 3221 servata
687 3179 750 3224 non
762 3163 912 3240 luerint:
963 3169 1075 3225 testate
1099 3158 1259 3226 Ecclesia.
1278 3151 1461 3236 spiritualis
1484 3150 1605 3215 scilicet
1627 3148 1755 3231 eladius

118 3262 268 3343 nunqnid
295 3281 361 3325 non
384 3263 558 3343 poterimus
585 3259 623 3322 de
636 3263 813 3342 juramenti
838 3263 913 3326 reli·
964 3277 994 3331 et
1007 3263 1193 3329 materialis.
1204 3263 1265 3327 Sed
1280 3263 1306 3324 is
1320 3261 1443 3342 quidem
1452 3276 1513 3338 pro
1527 3255 1683 3328 Ecclesia,
1700 3253 1756 3319 illa

120 3364 216 3445 aione
229 3378 425 3442 coenosam,
443 3359 527 3441 quod
539 3359 742 3441 adjudicium
763 3361 913 3425 licclesiae
962 3384 1036 3431 acra
1047 3359 1445 3428 aldoclcsiucaeroendns.
1457 3355 1752 3429 Illesacordotibns,

83 3469 86 3475 “
120 3481 190 3528 nou
218 3472 263 3526 est
288 3461 417 3524 dulium
438 3462 634 3541 permittere,
652 3471 688 3524 nt
713 3465 913 3542 ruptopocts
963 3471 1101 3532 iemann
1120 3470 1271 3542 reaumet
1294 3461 1440 3530 militum,
1462 3457 1518 3519 sed
1539 3456 1580 3518 ad
1598 3462 1757 3518 autumet

120 3565 237 3652 [adm
252 3565 487 3643 reformentur?
490 3607 550 3624 .....
966 3567 1150 3652 patientiam
1186 3560 1370 3625 sacerdotis.
1400 3558 1532 3639 Oportet
1561 3567 1665 3618 autem
1687 3553 1757 3635 alac

162 3665 285 3728 Eodem
304 3669 421 3727 saneta
443 3662 531 3727 sodis
550 3661 723 3726 auotoritas
746 3663 786 3725 do
804 3679 913 3726 coasts
964 3668 1052 3730 dium
1079 3681 1145 3726 esse
1168 3659 1224 3722 tub
1248 3657 1368 3738 alodia,
1381 3666 1410 3719 et
1428 3655 1630 3735 temporalem
1647 3661 1757 3714 aucto·

123 3763 758 3841 nationumetimpccctocumetr'egum
778 3762 913 3826 intense
964 3768 1091 3830 ritatem
1126 3760 1291 3844 spirituaii
1324 3757 1440 3838 sttljics‘
1473 3756 1640 3836 potestati.
1675 3751 1757 3816 Nam

123 3865 295 3954 judicandi
326 3863 478 3927 statuitur·
505 3861 540 3924 in
569 3862 770 3925 Clementiae
797 3863 914 3923 Pasto—
965 3885 1034 3930 cum
1055 3863 1140 3929 dicat
1163 3859 1334 3942 Apostolus
1357 3877 1406 3918 :e
1436 3855 1509 3921 Non
1544 3861 1590 3915 est
1611 3859 1756 3932 potestas

124 3965 207 4030 ralis
234 3967 269 4040 2,
300 3965 349 4026 tit.
379 3980 426 4034 ιι,
459 3964 504 4023 De
536 3963 692 4024 sententia
714 3970 743 4024 et
764 3963 912 4044 rejudic.
964 3953 1582 4040 nisiuDeatquoeautemsunt,alico
1603 3950 1759 4016 ordinato

126 4073 185 4135 lib.
207 4089 230 4132 ιι
246 4068 408 4143 clement,
425 4067 471 4129 ihi
493 4067 641 4132 Clemens
668 4066 694 4127 V
718 4065 751 4127 in
775 4065 915 4130 concilio
965 4077 1040 4134 sunt
1070 4069 1170 4149 (Rom.
1198 4080 1271 4136 xm,
1287 4061 1336 4140 1lt
1351 4080 1366 4117 s
1382 4075 1448 4119 non
1470 4064 1575 4118 antem
1600 4051 1760 4126 ordinatii

125 4169 311 4236 viennensi
325 4170 372 4232 sic
386 4167 528 4230 decrevit
544 4190 552 4228 ε
566 4159 742 4230 Pastoralis
755 4184 833 4229 cura
855 4168 917 4228 sol·
967 4178 1079 4247 necent,
1094 4169 1159 4232 nisi
1178 4163 1304 4246 eladius
1327 4167 1405 4222 esset
1429 4156 1486 4220 sule
1505 4153 1622 4236 alodia,
1640 4162 1670 4214 et
1687 4161 1761 4214 tana

15 4322 18 4326 .
127 4268 308 4334 licitudinie
342 4267 432 4330 nodis
467 4266 621 4329 diuinitus
655 4284 752 4347 super
787 4278 916 4331 cunctas
966 4291 1059 4357 quam
1076 4270 1212 4350 insertor
1230 4262 1435 4327 reduceretur
1450 4275 1512 4338 per
1529 4255 1627 4318 alium
1642 4253 1678 4316 in
1700 4271 1763 4313 sne

128 4369 308 4436 Christiani
321 4368 437 4450 populi
453 4369 597 4430 notiones
615 4369 770 4449 injuncta,
784 4387 843 4429 nos
862 4370 916 4432 iu·
966 4391 1075 4456 prema
1079 4415 1138 4436 .....
1167 4367 1246 4432 Nam
1268 4364 1400 4427 ueritate
1425 4367 1569 4431 testante,
1593 4353 1760 4436 spiritalia

127 4473 262 4552 oiyilare
297 4467 443 4532 remediis
484 4467 705 4550 subjectorum,
744 4468 918 4532 eorumdem
965 4478 1107 4553 potestas
1131 4473 1287 4526 terrettam
1306 4455 1683 4541 potestateminstitucre
1703 4452 1764 4516 liae

127 4571 283 4651 periculis
302 4569 427 4632 obviare
447 4576 477 4630 et
494 4565 644 4630 scandala
657 4585 816 4630 remanere
832 4587 918 4632 cata-
968 4573 1030 4644 tet,
1054 4576 1083 4629 et
1100 4564 1262 4648 judicare,
1278 4561 1308 4620 si
1329 4558 1411 4620 bona
1429 4573 1494 4618 nou
1509 4555 1610 4638 [uerit
1625 4575 1635 4614 .·
1652 4555 1699 4615 sic
1722 4551 1763 4620 de

129 4671 234 4754 pellit.
247 4669 328 4732 Sane
352 4687 422 4732 cum
436 4666 637 4750 jamdudum
654 4668 739 4732 inter
757 4667 918 4750 quemdam
968 4669 1110 4735 Ecclesia
1127 4673 1156 4726 et
1174 4658 1384 4725 ecelesiastica
1403 4663 1562 4737 potestate
1576 4652 1762 4733 verificatur
1823 4691 1827 4699 .

129 4773 307 4852 Hearicnm
334 4773 555 4852 imperatorem
583 4769 764 4842 Romanum,
791 4780 821 4834 et
848 4773 918 4835 cita·
968 4768 1153 4836 vaticinium
1182 4759 1329 4827 'Ieremia
1356 4777 1406 4820 :e
1437 4755 1518 4818 Ecce
1544 4753 1704 4826 constitui
1729 4764 1761 4816 to

130 4873 338 4939 sissimumin
356 4871 481 4935 ctrtsto
497 4867 618 4934 Filium
640 4880 784 4932 nostrum
800 4869 918 4934 liaber-
969 4869 1169 4948 tottotsuan
1182 4869 1288 4943 ttulit
1305 4866 1333 4922 οἱ
1344 4875 1458 4938 linunt
1477 4879 1493 4922 η
1511 4862 1572 4919 ala.
1587 4853 1715 4950 (ierom.
1734 4872 1758 4929 ¹2

132 4986 202 5040 tum
224 4971 342 5038 Sicilia
376 4989 491 5050 sonem,
516 4968 623 5050 aronis
646 4970 761 5047 [auset
787 4972 920 5040 materia
971 4971 1034 5054 to.)
1048 4968 1135 5048 Erqa
1156 4966 1185 5038 si
1208 4961 1312 5032 derint
1322 4968 1446 5022 terrem
1460 4954 1758 5039 potestas,1‘ndico·
1847 4997 1850 5003 ι

134 5073 327 5140 turocttonte
352 5080 464 5136 coorta
467 5115 530 5134 .....
549 5087 609 5132 nos
623 5075 699 5132 tuuc
716 5075 919 5151 exsuperiae
970 5071 1058 5136 ditur
1084 5085 1104 5129 o
1133 5068 1291 5152 potestate
1321 5057 1465 5142 spiritali
1489 5054 1579 5119 :sed
1604 5055 1634 5127 si
1656 5053 1762 5119 deviat

133 5175 243 5248 ritate,
270 5189 364 5254 mans
383 5167 426 5233 ad
450 5169 619 5250 imperium
645 5185 711 5231 non
734 5178 778 5232 sst
792 5169 922 5241 dubium
970 5167 1130 5253 epiritalis
1158 5165 1274 5239 minor,
1294 5181 1315 5224 a
1341 5157 1607 5255 suosupcriorit
1634 5158 1663 5222 si
1686 5173 1760 5219 aero

133 5269 331 5350 naticlero,
345 5289 439 5352 qaam
466 5287 509 5333 eo
535 5267 753 5350 colostunia
777 5285 839 5349 qua
857 5273 922 5350 (oa-
971 5286 1129 5352 suprema,
1144 5265 1243 5328 asalo
1267 5263 1418 5336 Dounon
1431 5259 1469 5322 ab
1498 5258 1622 5323 nomino
1639 5256 1762 5338 poterit

136 5380 225 5436 eante
247 5368 394 5452 imperio)
419 5369 606 5450 imperatore
631 5367 826 5440 antecedimus
853 5389 865 5432 .·
891 5379 922 5434 et
965 5371 1112 5460 iudicari
1123 5411 1133 5446 ‚
1167 5372 1301 5430 testante
1326 5360 1479 5445 Apostolo
1506 5382 1517 5424 .·
1550 5383 1565 5418 e
1593 5357 1761 5442 spiritalis
1831 5417 1839 5456 Ι,

135 5469 342 5535 nihilomiuus
360 5487 400 5533 ca
422 5467 620 5550 plenitudine
635 5471 817 5549 potestatis,
831 5488 924 5552 quant
973 5479 1064 5542 nomo
1083 5469 1211 5556 judicat
1238 5465 1354 5539 omnia,
1369 5464 1438 5544 ipse
1463 5471 1569 5524 antem
1594 5480 1615 5523 a
1639 5461 1763 5524 armine
1838 5460 1844 5526 “.

137 5572 283 5644 Gloristns
302 5571 373 5648 Rea
398 5587 508 5650 renum
526 5576 557 5633 et
576 5569 729 5638 liamiuus
756 5569 923 5637 dominon·
973 5565 1315 5648 contemnerentur.
1341 5581 1377 5639 u,
1395 5560 1458 5643 15.)
1487 5561 1548 5624 Est
1573 5570 1678 5624 autem
1699 5561 1763 5624 lac

139 5674 218 5737 tium
232 5671 336 5747 moltis,
352 5671 427 5736 licet
443 5668 610 5734 immeritis
632 5669 668 5735 in
686 5687 825 5752 persono
842 5672 925 5738 beati
967 5663 1149 5755 ¹auctoritas
1171 5667 1213 5750 (et
1224 5668 1254 5731 si
1269 5663 1344 5730 data
1361 5666 1406 5730 sit
1418 5663 1549 5739 nomini,
1565 5672 1596 5726 ct
1617 5681 1765 5727 exercea-

139 5773 230 5842 Petra·
250 5775 407 5851 conuenit,
431 5773 617 5838 sententium
643 5773 871 5858 (imperatoris)
896 5784 926 5841 et
968 5786 1032 5858 teor
1051 5790 1111 5854 per
1134 5769 1300 5853 nominem)
1320 5785 1385 5830 non
1408 5769 1556 5842 numana,
1579 5762 1634 5828 sed
1651 5765 1765 5847 postus

139 5891 306 5967 processus
338 5893 442 5949 omnes
463 5873 631 5968 predictos
635 5922 696 5943 .....
727 5875 764 5942 ds
786 5879 925 5970 [rutrum
977 5875 1084 5962 divina
1101 5870 1283 5966 oredioino
1303 5869 1398 5937 Petro
1422 5866 1507 5948 data²
1527 5865 1646 5950 siliqua
1680 5865 1764 5951 suisf
