4008 6460
128 415 165 480 ct
457 411 550 472 rans
575 410 631 472 ιιι.
653 411 702 472 un
722 407 917 476 consortis.
932 409 1052 472 -ιιιι,
1067 409 1131 471 ιιι.
1150 410 1198 472 aa
1214 409 1400 472 carnicis,
1674 367 1678 376 ’
1721 377 1757 476 ss

129 529 221 590 Tunc
234 525 323 590 enim
339 525 387 606 (ιιι
406 523 448 586 ibi
467 521 580 586 statuit
597 522 746 587 Urbanus
759 523 800 596 ιι)
814 526 918 602 potest
971 521 1047 582 Dure
1071 530 1148 586 runt
1170 523 1202 597 9,
1224 539 1320 588 consa
1336 523 1386 598 19,
1409 532 1524 606 quest.
1537 525 1557 588 9
1564 542 1574 601 5
1589 527 1621 590 ot
1633 525 1755 590 Enseu.

129 625 234 689 libere
249 622 431 696 discedere,
454 621 552 684 etiarn
580 621 820 684 contradicente
850 618 920 698 epi·
972 619 1058 695 xlv,
1074 622 1342 704 consederam.)

126 741 242 803 scopo.
260 747 276 782 ι
297 724 471 806 (S.1anon.
490 721 547 786 lib.
566 740 609 798 ιι,
635 729 726 787 tract.
742 741 775 798 v,
799 738 870 802 cap.
885 721 918 794 2,
1011 716 1128 784 Clerici
1156 723 1354 804 peregrinari
1383 740 1448 788 nnn
1477 725 1597 790 debent
1627 727 1690 790 nisi
1718 727 1758 790 de

128 845 163 890 n,
180 829 266 904 διε.)
972 818 1101 885 licentis
1114 822 1271 904 episcopi.
1285 825 1331 905 (C.
1346 827 1419 890 Noa
1434 829 1672 907 oportrt35,Dr
1687 847 1760 890 cort·

112 907 115 918 ¹
170 931 355 1008 Eagnanus,
373 945 413 993 ex
430 944 459 990 c.
474 927 687 1006 conquerente
700 925 745 986 Dr
764 923 847 1004 offic.
865 939 918 986 or·
969 933 1084 984 areret.
1099 922 1176 986 dist.
1198 924 1234 998 ὅς
1258 943 1287 988 c.
1311 926 1434 1005 canae
1457 929 1487 1000 t,
1507 929 1553 988 De
1567 928 1674 1006 uoto.)
1696 931 1761 992 Nec

128 1030 237 1094 dtrrr.
259 1028 316 1092 lib.
334 1047 345 1092 ι
369 1027 540 1096 decretal..
557 1024 667 1102 inlert,
688 1043 761 1090 cum
786 1023 917 1098 Abbate,
971 1026 1108 1100 possunt
1125 1021 1516 1104 testimoniumjndiciale
1537 1027 1708 1108 perbibere
1724 1029 1758 1092 in

129 1137 168 1192 ιιι
191 1128 363 1210 episeopus
393 1136 502 1208 petere
531 1143 597 1191 non
628 1126 764 1204 possita
789 1125 917 1188 clericis
972 1117 1043 1184 loro
1067 1121 1214 1185 serutari
1249 1124 1320 1188 sine
1347 1124 1473 1188 licentia
1502 1128 1666 1208 episcopi;
1688 1149 1760 1212 que

128 1246 201 1292 sate
224 1228 373 1292 dicecesis
389 1228 499 1310 ntique
525 1227 671 1299 servitia,
700 1245 772 1305 nuce
789 1227 824 1290 in
845 1226 920 1305 jure
973 1219 1101 1282 licentia
1134 1222 1202 1285 dari
1235 1223 1330 1288 debet
1365 1241 1422 1304 pro
1448 1228 1556 1291 causis
1585 1229 1758 1304 ciuilibus,

130 1344 197 1390 non
221 1334 298 1390 sunt
326 1343 490 1405 expresse.
519 1325 572 1406 (C.
599 1324 682 1402 Quia
706 1325 919 1404 repererimus,
971 1321 1147 1386 dummodo
1172 1341 1269 1386 exeo
1291 1326 1531 1405 aliquomodo
1553 1328 1760 1392 criminalitas

127 1443 228 1490 causa
246 1428 295 1498 10,
311 1435 426 1506 quest.
444 1425 489 1506 3.)
505 1427 543 1488 Et
557 1422 919 1506 sicrosponsamluisse
971 1419 1050 1482 oriri
1073 1437 1138 1485 non
1164 1423 1279 1504 possit,
1301 1429 1332 1485 et
1352 1423 1572 1503 juramentum
1599 1427 1631 1488 in
1658 1429 1760 1490 tribu·

127 1543 247 1592 nsncr.
264 1540 374 1606 congr.
394 1533 546 1600 testatur;
570 1535 600 1588 ct
625 1526 667 1589 ιιι
690 1525 919 1588 communiter.
977 1520 1042 1582 nali
1056 1522 1201 1602 episcopi
1217 1531 1403 1601 prestetum
1421 1524 1487 1588 brec
1497 1539 1604 1588 autem
1615 1527 1759 1606 episcopi

130 1629 217 1707 Ergo
257 1623 453 1688 obedientiae
499 1624 707 1688 sacerdotalis
748 1623 921 1704 promissio
974 1619 1103 1684 licentia
1141 1623 1240 1702 gentis
1282 1625 1482 1704 expedienda
1519 1633 1579 1688 est.
1613 1627 1759 1690 Clericus

129 1726 256 1807 obligat
283 1731 405 1788 tantum
430 1725 464 1788 in
485 1726 526 1789 iis
547 1744 620 1806 qum
634 1726 754 1805 injure
770 1732 846 1786 sunt
863 1740 921 1786 ex·
972 1727 1088 1798 sponte
1102 1721 1270 1800 deponens
1284 1724 1356 1786 siue
1380 1724 1510 1787 licentia
1527 1742 1633 1788 rorem
1650 1726 1758 1804 iudice

129 1840 256 1904 pressa.

176 1923 214 1988 ll.
236 1925 396 2004 Episcopo
414 1923 454 1986 ab
468 1922 622 1988 omnibus
639 1921 766 1986 clericis
784 1919 920 1984 debetur

132 2025 330 2100 reverentia,
364 2041 437 2105 qum
461 2023 611 2086 consistit
639 2021 829 2098 inhonore,
861 2019 920 2100 qai

129 2123 305 2187 exhibetur
319 2124 353 2187 in
370 2124 592 2204 assurgendo,
608 2111 703 2202 caput
717 2122 919 2196 inclinando,

131 2223 395 2302 genuflectendo,
407 2229 438 2285 et
450 2222 501 2286 bis
514 2221 690 2287 similibus.
706 2221 793 2287 Licet
803 2222 921 2286 multo·

132 2321 195 2382 ties
226 2319 423 2397 reverentie,
450 2327 483 2385 et
508 2320 694 2385 obedientia
722 2321 922 2401 accipiantur

129 2427 170 2482 ut
184 2436 380 2502 synonyma.
398 2420 445 2482 Ad
462 2419 543 2482 banc
569 2427 677 2482 antem
708 2417 920 2482 reverentiam

130 2519 290 2600 episcopo
307 2519 520 2584 exhibendum
532 2527 686 2582 tenentur
703 2519 799 2582 etiam
814 2537 922 2582 exem·

132 2619 194 2697 pti,
214 2627 245 2680 et
260 2619 356 2682 etiarn
373 2617 535 2698 principes
551 2617 709 2697 supremi,
726 2635 819 2696 reges
833 2661 841 2692 ,
858 2625 919 2682 etc.

134 2717 185 2798 (C.
201 2716 355 2794 Solitred,
380 2718 423 2780 De
441 2719 555 2802 major.
585 2725 616 2780 et
643 2717 749 2790 abed.,·
776 2721 920 2782 Floria.

130 2815 214 2881 ibid.
231 2833 263 2881 ι.
280 2818 318 2880 lb
337 2817 466 2899 etseq.)

175 2922 289 2986 1ll.ln
314 2922 436 3002 specie,
460 2919 626 3001 simplices
647 2921 831 2986 sacerdotes
856 2938 921 2986 nort

133 3019 291 3086 habentes
306 3020 466 3097 officium,
483 3037 591 3102 neque
610 3021 802 3086 beneficium
819 3021 851 3085 ιι
873 3038 923 3086 ec·

133 3121 235 3186 clesia
258 3121 445 3196 cathedrali,
470 3138 534 3186 non
558 3132 695 3200 possunt
718 3138 773 3200 per
792 3121 921 3202 episco-

134 3237 213 3302 pum
226 3221 297 3302 cogi
312 3222 351 3285 ad
368 3221 512 3302 publicas
528 3222 766 3302 processiones,
783 3233 814 3286 et
830 3240 923 3287 ceno·

137 3319 221 3383 nicis
239 3321 486 3387 inserviendum
512 3322 546 3385 in
566 3320 790 3386 functionibus
816 3323 920 3387 ecole-

134 3421 289 3497 siesticis,
305 3437 365 3486 seu
390 3440 525 3486 mernere
552 3423 693 3499 diaconi,
712 3424 762 3486 rel
791 3425 922 3487 subdia·

134 3523 224 3598 coni,
246 3539 314 3586 non
334 3525 479 3588 obstante
496 3525 615 3606 exigno
637 3541 775 3589 numero
789 3527 923 3588 certoni-

135 3638 262 3697 cornm,
293 3633 326 3687 ut
355 3624 479 3704 pluries
505 3624 678 3688 declernvit
700 3642 780 3688 sncr.
809 3643 920 3704 congr.

137 3723 284 3799 Concil.;
309 3723 372 3788 nisi
388 3726 515 3788 adesset
530 3726 688 3789 contrarie
707 3727 922 3801 consuetudo,

115 3811 119 3816 ’
138 3825 187 3885 ιιι
205 3823 270 3886 nisi
285 3833 435 3904 ageretur
448 3825 487 3888 de
500 3825 627 3908 cleripis
644 3843 702 3906 pro
717 3827 920 3902 necessitate,

137 3939 169 3992 et
182 3927 319 3992 utilitate
330 3929 524 3994 cathedralis
537 3931 575 3993 ad
593 3929 723 3994 titulum
736 3931 921 4012 patrimonii

137 4027 297 4091 ordinetis
321 4051 329 4096 e
350 4038 385 4093 ut
403 4032 571 4111 respondit
600 4048 681 4096 sacr.
714 4049 827 4114 congr.
847 4031 923 4111 Epi·

136 4145 226 4208 scop.
243 4139 275 4192 et
288 4147 370 4193 sacr.
383 4147 494 4212 congr.
514 4131 637 4195 concil.
648 4131 782 4212 pluries.

178 4230 334 4294 «Clerici
364 4231 461 4295 aliive
493 4233 674 4314 presbyteri
707 4249 775 4296 raon
797 4233 923 4298 conlcs-

136 4329 308 4411 sarii,cogi
325 4347 392 4394 nan
410 4337 559 4410 possunt,
576 4331 633 4396 sed
649 4329 770 4394 hortari
784 4332 822 4395 ad
835 4332 923 4394 inte-

138 4431 331 4496 ressendum
353 4431 568 4495 conscientiis
594 4449 728 4496 casuum
753 4431 923 4495 conscien-

137 4529 202 4605 tie,
226 4539 262 4594 ut
280 4531 402 4610 pluries
416 4530 590 4595 declararit
606 4549 687 4596 secr.
707 4549 819 4614 congr.
839 4534 923 4595 Con·

137 4629 193 4692 cil.
218 4630 399 4710 Episcopus
425 4647 493 4693 non
519 4639 622 4710 potest
650 4631 777 4696 clericis
801 4631 924 4695 bened·

973 1812 1065 1892 laico,
1089 1825 1192 1895 potest
1209 1819 1415 1900 abepiscopo
1432 1822 1539 1900 puniri
1559 1839 1650 1900 prena
1674 1823 1759 1884 arbi·
1803 1837 1811 1850 ·

973 1915 1080 1978 traria.
1098 1918 1298 1998 (Communis
1323 1937 1362 1982 ex
1386 1920 1494 1983 multis
1519 1921 1649 2002 juribus
1673 1925 1759 2002 apud

972 2015 1114 2078 Fennan.
1127 2015 1215 2079 verb.
1231 2016 1386 2094 Clericus,
1397 2029 1456 2082 art.
1468 2019 1499 2082 8.
1512 2019 1667 2100 (Clericus
1682 2039 1757 2084 iero

974 2114 1031 2194 qui
1047 2121 1176 2177 coactns
1206 2116 1382 2194 deponeret
1405 2134 1511 2182 coram
1526 2119 1636 2200 judice
1662 2120 1758 2194 laico,

974 2231 1040 2277 non
1056 2223 1160 2293 potest
1175 2217 1300 2296 puniri.

1012 2315 1065 2378 tv.
1091 2315 1270 2396 Episcopus
1286 2318 1319 2380 in
1337 2317 1465 2381 delictis
1484 2304 1625 2381 difficilis
1643 2323 1758 2400 probe-

974 2415 1072 2477 tionis
1088 2416 1151 2478 sibi
1168 2421 1253 2479 notis
1277 2425 1381 2496 potest
1403 2419 1706 2500 extrujudicialiter,
1727 2427 1758 2482 et

977 2515 1049 2576 sine
1067 2531 1221 2593 processu
1238 2534 1350 2580 senex
1374 2517 1540 2580 informato
1559 2521 1758 2584 conscientia

973 2614 1121 2689 clericos,
1143 2622 1174 2676 et
1201 2617 1406 2696 presbyteros
1435 2635 1452 2679 a
1475 2617 1598 2679 divinis
1620 2638 1759 2698 suspen·

973 2715 1063 2778 dere.
1079 2715 1214 2797 (concil.
1236 2716 1379 2780 Trident.
1396 2735 1478 2780 sess.
1496 2717 1544 2793 lb,
1563 2735 1591 2782 c.
1609 2719 1690 2794 1;et
1706 2720 1753 2781 sic

973 2813 1145 2878 declararit
1172 2818 1295 2898 pluries
1322 2837 1404 2884 sacr.
1431 2839 1543 2904 congr.
1566 2821 1703 2903 Concil.)
1723 2823 1758 2885 Et

974 2924 1125 2981 tenentur
1152 2919 1261 2982 clerici
1298 2925 1548 3000 suspensionem
1575 2902 1755 2996 custodiree

974 3032 1069 3079 secus
1085 3019 1280 3100 irregulares
1303 3021 1394 3085 ιιιιιιι.
1418 3023 1483 3086 Νιι
1504 3034 1640 3104 possunt
1663 3042 1680 3087 a
1703 3025 1759 3087 tali

974 3120 1190 3198 suspensione
1202 3121 1375 3200 appellare,
1386 3123 1443 3186 sed
1456 3134 1577 3186 tantum
1593 3144 1758 3189 recurrere

974 3218 1012 3282 ad
1029 3237 1110 3282 sacr.
1126 3239 1235 3301 congr.
1251 3223 1348 3285 Conci
1355 3223 1375 3285 Ι.

1015 3319 1192 3400 Episcopus
1221 3330 1325 3398 potest
1353 3323 1394 3384 de
1421 3320 1504 3385 lacto
1524 3321 1644 3404 absque
1670 3325 1759 3406 judi·

974 3417 1047 3480 cicli
1077 3419 1254 3482 monitione
1288 3423 1568 3486 excommunicare
1601 3422 1757 3503 clericos,

974 3519 1043 3582 sire
1065 3519 1175 3595 laicos,
1201 3521 1257 3601 qui
1281 3539 1316 3585 se
1331 3531 1500 3602 opponunt
1521 3525 1707 3602 visitationi,
1725 3535 1758 3590 nt

977 3635 1033 3698 pro
1057 3619 1221 3685 validitate
1249 3641 1459 3687 censurarum
1488 3629 1654 3708 respondit
1676 3646 1757 3690 secr.

975 3737 1085 3801 congr.
1103 3723 1224 3786 Concil.
1244 3723 1379 3802 pluries.

1014 3821 1084 3884 Alia
1102 3821 1142 3882 de
1156 3821 1255 3902 bans
1271 3824 1385 3904 capitis
1403 3823 1533 3887 materie
1556 3824 1629 3890 ride
1649 3827 1680 3890 ia
1700 3826 1756 3892 lib.

975 3919 1016 3982 ιιι
1031 3919 1075 3981 De
1091 3921 1248 4001 episcopo,
1268 3940 1337 4002 cap.
1364 3924 1449 4000 Vlll,
1475 3932 1507 3988 et
1527 3927 1558 3988 in
1592 3924 1649 3987 lib.
1672 3925 1760 3991 Vile

974 4018 1163 4092 seminariis,
1180 4038 1249 4099 cap.
1268 4021 1351 4096 Vlll,
1368 4029 1390 4086 t.
1408 4024 1420 4085 l
1440 4041 1470 4102 p.
1489 4025 1578 4086 1159.

1016 4120 1053 4184 V.
1087 4121 1203 4184 Clerici
1232 4123 1347 4198 curati,
1370 4126 1463 4204 juata
1489 4128 1759 4191 consuetudinem

974 4219 1124 4284 Ecclesiae
1139 4229 1281 4302 tempore
1296 4223 1496 4290 investitores
1511 4213 1759 4310 tenenturjura·
1847 4257 1853 4272 ¹

976 4331 1120 4385 mentam
1152 4322 1347 4387 obedientie
1370 4333 1519 4403 praestare
1539 4326 1706 4406 episcopo,
1727 4337 1760 4388 nt

975 4439 1049 4484 cnm
1063 4422 1136 4485 aliis
1153 4430 1241 4486 notat
1255 4424 1400 4506 l’irhing,
1417 4427 1612 4508 Demojorit.
1630 4437 1660 4489 et
1671 4427 1758 4490 obed.

976 4538 1007 4583 n.
1022 4523 1070 4586 19.
1084 4521 1251 4600 Simplices
1264 4541 1339 4586 vero
1354 4523 1475 4600 clerici,
1491 4525 1547 4605 qui
1564 4544 1623 4589 aec
1639 4545 1760 4598 carram,

976 4641 1035 4685 nee
1044 4622 1358 4687 administrationem
1374 4625 1503 4701 babeat,
1517 4649 1532 4684 ι
1547 4626 1761 4702 satisfaciunt,

137 4730 232 4794 ciatis
243 4731 361 4794 addere
373 4747 457 4795 nora
468 4732 812 4798 onerainlundatione
824 4733 925 4798 bene·
968 4724 1003 4791 ei
1024 4724 1270 4802 promissionem
1296 4725 1491 4789 obedienti&
1512 4733 1664 4806 praeslenl
1690 4746 1760 4790 ver·

138 4829 319 4894 licioruma
338 4830 566 4894 scortatoribus
595 4848 660 4894 non
680 4833 837 4914 apposita.
854 4833 922 4896 Non
976 4825 1101 4904 boliten,
1125 4835 1180 4893 aut
1208 4825 1402 4891 manualiter
1422 4844 1430 4888 :
1450 4831 1537 4908 quod
1551 4827 1632 4890 edeo
1648 4845 1760 4890 rerum

140 4935 245 5007 potest
259 4945 275 4992 a
288 4929 415 4993 clericis
431 4931 562 5010 exigere
578 4929 801 4995 charitativum
816 4931 924 4995 subsi·
975 4936 1037 5004 est,
1055 4937 1091 4992 ut
1106 4929 1134 4990 si
1150 4926 1313 5008 scriptam,
1332 4934 1387 4991 ant
1405 4928 1543 5009 jnratrrm
1572 4945 1590 4992 a
1614 4926 1667 4992 ιιιι
1699 4929 1763 4990 cle·

139 5028 244 5101 dium,
258 5029 320 5090 nisi
334 5029 373 5092 sit
390 5045 527 5110 paoper;
540 5047 600 5094 nec
613 5029 709 5093 etium
724 5031 757 5094 in
773 5033 833 5096 boc
847 5049 922 5095 casu
976 5028 1045 5092 rico
1063 5038 1148 5110 petat
1171 5029 1359 5110 episcopus,
1378 5029 1484 5093 eidem
1511 5028 1665 5112 injuriam
1686 5027 1761 5092 lacit

136 5145 155 5189 a
171 5127 301 5191 clericis
320 5145 385 5192 non
403 5131 614 5194 beneticintis.
632 5153 648 5188 ιι
972 5131 1066 5212 juxta
1084 5150 1112 5196 c.
1128 5130 1314 5212 terebatur,
1330 5132 1373 5192 De
1388 5133 1503 5215 major.
1522 5143 1549 5194 et
1572 5131 1659 5196 abed.
1679 5131 1759 5206 Quia

177 5231 358 5310 Episcopus
381 5246 449 5292 non
470 5239 575 5311 potest
597 5247 713 5312 cogere
732 5230 865 5294 clericos
890 5233 922 5294 in
976 5233 1102 5296 excedit
1116 5231 1234 5296 limites
1246 5231 1343 5296 officii
1361 5232 1436 5308 sui;
1467 5233 1500 5296 ιιι
1518 5233 1561 5295 iis
1591 5240 1710 5308 autem,
1729 5233 1759 5294 in

136 5332 323 5398 minoribus
344 5331 537 5395 constitutos
559 5330 597 5395 ad
623 5332 848 5413 suscipiendos
872 5350 924 5395 or·
975 5331 1095 5412 quibus
1114 5332 1234 5396 limites
1261 5331 1356 5396 cilicii
1377 5333 1429 5397 sui
1452 5334 1578 5398 excedit
1596 5334 1760 5414 superior,

138 5435 233 5498 dines
258 5434 398 5514 majores
416 5432 478 5494 sub
502 5451 594 5513 poene
613 5433 802 5516 privationis
822 5431 921 5512 priri·
976 5431 1175 5495 subditasad
1188 5435 1550 5511 obtemperandumnon
1564 5433 1760 5514 obligatur.»

139 5535 300 5616 legionum
318 5532 528 5596 clericalium.
548 5533 591 5616 (S.
611 5551 721 5614 congr.
741 5531 922 5615 immunit.)
976 5534 1189 5614 (Scnnenaon.
1209 5535 1651 5619 Demujar.etobed.n.1b.)
1697 5553 1705 5562 ’

178 5632 297 5697 Clerici
313 5631 483 5696 seculares
498 5633 633 5698 transire
647 5641 782 5712 possunt
794 5634 831 5696 ad
849 5634 923 5696 reli·
1014 5638 1068 5700 vt.
1086 5637 1148 5712 Qui
1164 5637 1311 5713 decretis,
1323 5655 1380 5702 seu
1393 5639 1520 5702 statutis
1534 5639 1759 5720 episcoporum

139 5732 272 5810 gioaem
296 5748 361 5795 non
393 5733 490 5812 petita
513 5734 655 5815 episcopi
685 5734 830 5810 licentio,
858 5735 922 5798 into
976 5737 1051 5818 (juri
1068 5737 1228 5800 communi
1260 5745 1364 5802 tamen
1387 5755 1449 5802 non
1468 5737 1655 5819 oppositis),
1681 5735 1757 5800 alio·

142 5832 212 5912 ipso
241 5830 490 5896 contradicente.
522 5834 635 5914 (Texta
651 5849 815 5915 expresso,
838 5837 870 5899 in
892 5853 918 5900 e.
977 5851 1113 5917 rumque
1130 5833 1347 5916 prelatorum,
1363 5855 1421 5903 seu
1438 5839 1646 5919 superiorum
1662 5837 1761 5902 eccle-
