<?xml version="1.0" encoding="UTF-8"?>
<!DOCTYPE html PUBLIC "-//W3C//DTD XHTML 1.0 Transitional//EN"
    "http://www.w3.org/TR/xhtml1/DTD/xhtml1-transitional.dtd">
<html xmlns="http://www.w3.org/1999/xhtml" xml:lang="en" lang="en">
 <head>
  <title>
</title>
<meta http-equiv="Content-Type" content="text/html;charset=utf-8" />
  <meta name='ocr-system' content='tesseract 3.04.00' />
  <meta name='ocr-capabilities' content='ocr_page ocr_carea ocr_par ocr_line ocrx_word'/>
</head>
<body>
  <div class='ocr_page' id='page_1' title='image "./juriscanoniciun01maupgoog/juriscanoniciun01maupgoog_0257.png"; bbox 0 0 4042 6458; ppageno 0'>
   <div class='ocr_carea' id='block_1_1' title="bbox 242 307 1860 444">
    <p class='ocr_par' dir='ltr' id='par_1_1' title="bbox 242 307 1860 444">
     <span class='ocr_line' id='line_1_1' title="bbox 242 307 1860 444; baseline -0.004 -22"><span class='ocrx_word' id='word_1_1' title='bbox 242 357 298 424; x_wconf 88' lang='lat' dir='ltr'><strong>tea</strong></span> <span class='ocrx_word' id='word_1_2' title='bbox 671 323 674 330; x_wconf 82' lang='grc'><strong>’</strong></span> <span class='ocrx_word' id='word_1_3' title='bbox 751 355 865 418; x_wconf 80' lang='lat' dir='ltr'><strong>euers</strong></span> <span class='ocrx_word' id='word_1_4' title='bbox 881 353 1061 419; x_wconf 77' lang='lat' dir='ltr'><strong>cruourcr</strong></span> <span class='ocrx_word' id='word_1_5' title='bbox 1081 353 1346 444; x_wconf 77' lang='lat' dir='ltr'><strong>comanorum</strong></span> <span class='ocrx_word' id='word_1_6' title='bbox 1807 307 1860 416; x_wconf 83' lang='lat' dir='ltr'><strong>teo</strong></span> 
     </span>
    </p>
   </div>
   <div class='ocr_carea' id='block_1_2' title="bbox 183 453 1873 2735">
    <p class='ocr_par' dir='ltr' id='par_1_2' title="bbox 183 453 1873 2735">
     <span class='ocr_line' id='line_1_2' title="bbox 283 453 1867 544; baseline -0.005 -16"><span class='ocrx_word' id='word_1_7' title='bbox 283 463 370 528; x_wconf 85' lang='lat' dir='ltr'><strong>Talis</strong></span> <span class='ocrx_word' id='word_1_8' title='bbox 395 467 444 528; x_wconf 90' lang='lat' dir='ltr'><strong>est</strong></span> <span class='ocrx_word' id='word_1_9' title='bbox 468 471 551 526; x_wconf 88' lang='lat' dir='ltr'><strong>certa</strong></span> <span class='ocrx_word' id='word_1_10' title='bbox 567 461 658 542; x_wconf 85' lang='lat' dir='ltr'><strong>origo</strong></span> <span class='ocrx_word' id='word_1_11' title='bbox 674 462 872 528; x_wconf 89' lang='lat' dir='ltr'><strong>conditionis</strong></span> <span class='ocrx_word' id='word_1_12' title='bbox 895 463 1030 544; x_wconf 89' lang='lat' dir='ltr'><strong>popula·</strong></span> <span class='ocrx_word' id='word_1_13' title='bbox 1085 463 1197 544; x_wconf 85' lang='lat' dir='ltr'><strong>ptioa&#39;e</strong></span> <span class='ocrx_word' id='word_1_14' title='bbox 1219 471 1250 526; x_wconf 92' lang='lat' dir='ltr'><strong>et</strong></span> <span class='ocrx_word' id='word_1_15' title='bbox 1271 459 1488 526; x_wconf 76' lang='lat' dir='ltr'>devastatione</span> <span class='ocrx_word' id='word_1_16' title='bbox 1505 459 1675 522; x_wconf 88' lang='lat' dir='ltr'><strong>salvarent.</strong></span> <span class='ocrx_word' id='word_1_17' title='bbox 1698 453 1867 522; x_wconf 74' lang='lat' dir='ltr'><strong>Pontifices</strong></span> 
     </span>
     <span class='ocr_line' id='line_1_3' title="bbox 244 563 1869 643; baseline -0.002 -17"><span class='ocrx_word' id='word_1_18' title='bbox 244 565 370 630; x_wconf 89' lang='lat' dir='ltr'><strong>tionum</strong></span> <span class='ocrx_word' id='word_1_19' title='bbox 416 563 570 627; x_wconf 89' lang='lat' dir='ltr'><strong>ruralium</strong></span> <span class='ocrx_word' id='word_1_20' title='bbox 625 563 816 643; x_wconf 88' lang='lat' dir='ltr'><strong>plerumque</strong></span> <span class='ocrx_word' id='word_1_21' title='bbox 859 563 1031 642; x_wconf 88' lang='lat' dir='ltr'><strong>regionum</strong></span> <span class='ocrx_word' id='word_1_22' title='bbox 1084 568 1344 630; x_wconf 88' lang='lat' dir='ltr'><strong>nontimueruut</strong></span> <span class='ocrx_word' id='word_1_23' title='bbox 1367 564 1494 628; x_wconf 89' lang='lat' dir='ltr'><strong>obviam</strong></span> <span class='ocrx_word' id='word_1_24' title='bbox 1518 564 1565 628; x_wconf 90' lang='lat' dir='ltr'><strong>ire</strong></span> <span class='ocrx_word' id='word_1_25' title='bbox 1587 563 1869 626; x_wconf 85' lang='lat' dir='ltr'><strong>armatoromltar-</strong></span> 
     </span>
     <span class='ocr_line' id='line_1_4' title="bbox 245 661 1870 745; baseline -0.001 -19"><span class='ocrx_word' id='word_1_26' title='bbox 245 667 391 726; x_wconf 81' lang='lat' dir='ltr'><strong>statuum</strong></span> <span class='ocrx_word' id='word_1_27' title='bbox 422 669 538 724; x_wconf 82' lang='lat' dir='ltr'><strong>saneim</strong></span> <span class='ocrx_word' id='word_1_28' title='bbox 579 661 679 725; x_wconf 88' lang='lat' dir='ltr'><strong>sedis.</strong></span> <span class='ocrx_word' id='word_1_29' title='bbox 717 661 799 736; x_wconf 83' lang='lat' dir='ltr'><strong>Quia</strong></span> <span class='ocrx_word' id='word_1_30' title='bbox 843 661 1030 742; x_wconf 91' lang='lat' dir='ltr'><strong>hujusmodi</strong></span> <span class='ocrx_word' id='word_1_31' title='bbox 1084 666 1256 740; x_wconf 92' lang='lat' dir='ltr'><strong>barorum,</strong></span> <span class='ocrx_word' id='word_1_32' title='bbox 1280 665 1465 745; x_wconf 82' lang='lat' dir='ltr'><strong>saepiusque</strong></span> <span class='ocrx_word' id='word_1_33' title='bbox 1502 666 1566 729; x_wconf 88' lang='lat' dir='ltr'><strong>Leo</strong></span> <span class='ocrx_word' id='word_1_34' title='bbox 1603 665 1763 742; x_wconf 83' lang='lat' dir='ltr'><strong>Magnus,</strong></span> <span class='ocrx_word' id='word_1_35' title='bbox 1792 663 1870 726; x_wconf 87' lang='lat' dir='ltr'><strong>Gre-</strong></span> 
     </span>
     <span class='ocr_line' id='line_1_5' title="bbox 246 761 1870 848; baseline 0.002 -26"><span class='ocrx_word' id='word_1_36' title='bbox 246 761 357 842; x_wconf 92' lang='lat' dir='ltr'><strong>plebes</strong></span> <span class='ocrx_word' id='word_1_37' title='bbox 371 763 409 825; x_wconf 93' lang='lat' dir='ltr'><strong>ad</strong></span> <span class='ocrx_word' id='word_1_38' title='bbox 424 761 532 825; x_wconf 90' lang='lat' dir='ltr'><strong>omuia</strong></span> <span class='ocrx_word' id='word_1_39' title='bbox 554 779 611 824; x_wconf 90' lang='lat' dir='ltr'><strong>sua</strong></span> <span class='ocrx_word' id='word_1_40' title='bbox 625 761 698 842; x_wconf 90' lang='lat' dir='ltr'><strong>jura</strong></span> <span class='ocrx_word' id='word_1_41' title='bbox 719 763 827 826; x_wconf 91' lang='lat' dir='ltr'><strong>civilia</strong></span> <span class='ocrx_word' id='word_1_42' title='bbox 855 761 1029 841; x_wconf 78' lang='lat' dir='ltr'><strong>assumpsit</strong></span> <span class='ocrx_word' id='word_1_43' title='bbox 1085 765 1213 848; x_wconf 86' lang='lat' dir='ltr'><strong>gorius,</strong></span> <span class='ocrx_word' id='word_1_44' title='bbox 1239 773 1270 828; x_wconf 88' lang='lat' dir='ltr'><strong>et</strong></span> <span class='ocrx_word' id='word_1_45' title='bbox 1292 765 1349 827; x_wconf 92' lang='lat' dir='ltr'><strong>alii</strong></span> <span class='ocrx_word' id='word_1_46' title='bbox 1373 763 1467 835; x_wconf 86' lang='lat' dir='ltr'><strong>multi</strong></span> <span class='ocrx_word' id='word_1_47' title='bbox 1492 762 1606 829; x_wconf 90' lang='lat' dir='ltr'><strong>borum</strong></span> <span class='ocrx_word' id='word_1_48' title='bbox 1632 763 1750 826; x_wconf 88' lang='lat' dir='ltr'><strong>lluctus</strong></span> <span class='ocrx_word' id='word_1_49' title='bbox 1772 762 1870 826; x_wconf 89' lang='lat' dir='ltr'><strong>deva-</strong></span> 
     </span>
     <span class='ocr_line' id='line_1_6' title="bbox 246 860 1870 938; baseline -0.002 -11"><span class='ocrx_word' id='word_1_50' title='bbox 246 872 277 927; x_wconf 88' lang='lat' dir='ltr'><strong>et</strong></span> <span class='ocrx_word' id='word_1_51' title='bbox 293 863 470 926; x_wconf 78' lang='lat' dir='ltr'><strong>reddiderit</strong></span> <span class='ocrx_word' id='word_1_52' title='bbox 486 869 592 926; x_wconf 90' lang='lat' dir='ltr'><strong>sancta</strong></span> <span class='ocrx_word' id='word_1_53' title='bbox 608 865 720 938; x_wconf 83' lang='lat' dir='ltr'><strong>sedes,</strong></span> <span class='ocrx_word' id='word_1_54' title='bbox 737 879 813 926; x_wconf 91' lang='lat' dir='ltr'><strong>num</strong></span> <span class='ocrx_word' id='word_1_55' title='bbox 830 863 890 925; x_wconf 91' lang='lat' dir='ltr'><strong>ista</strong></span> <span class='ocrx_word' id='word_1_56' title='bbox 911 879 969 926; x_wconf 90' lang='lat' dir='ltr'><strong>sua</strong></span> <span class='ocrx_word' id='word_1_57' title='bbox 984 860 1033 923; x_wconf 88' lang='lat' dir='ltr'><strong>le·</strong></span> <span class='ocrx_word' id='word_1_58' title='bbox 1084 873 1219 930; x_wconf 88' lang='lat' dir='ltr'><strong>statores</strong></span> <span class='ocrx_word' id='word_1_59' title='bbox 1234 865 1476 929; x_wconf 89' lang='lat' dir='ltr'><strong>continuerunt.</strong></span> <span class='ocrx_word' id='word_1_60' title='bbox 1493 862 1614 928; x_wconf 82' lang='lat' dir='ltr'><strong>Eodem</strong></span> <span class='ocrx_word' id='word_1_61' title='bbox 1629 877 1704 926; x_wconf 86' lang='lat' dir='ltr'><strong>vero</strong></span> <span class='ocrx_word' id='word_1_62' title='bbox 1728 869 1870 938; x_wconf 88' lang='lat' dir='ltr'><strong>tempere</strong></span> 
     </span>
     <span class='ocr_line' id='line_1_7' title="bbox 245 959 1870 1044; baseline -0.002 -21"><span class='ocrx_word' id='word_1_63' title='bbox 245 965 354 1044; x_wconf 81' lang='lat' dir='ltr'><strong>gitima</strong></span> <span class='ocrx_word' id='word_1_64' title='bbox 379 963 582 1041; x_wconf 77' lang='lat' dir='ltr'><strong>proprietatis</strong></span> <span class='ocrx_word' id='word_1_65' title='bbox 608 962 797 1025; x_wconf 92' lang='lat' dir='ltr'><strong>etdominii</strong></span> <span class='ocrx_word' id='word_1_66' title='bbox 819 962 892 1042; x_wconf 89' lang='lat' dir='ltr'><strong>jvrra</strong></span> <span class='ocrx_word' id='word_1_67' title='bbox 925 961 1038 1042; x_wconf 86' lang='lat' dir='ltr'><strong>perdi·&#39;</strong></span> <span class='ocrx_word' id='word_1_68' title='bbox 1087 961 1251 1040; x_wconf 79' lang='lat' dir='ltr'><strong>pontifices</strong></span> <span class='ocrx_word' id='word_1_69' title='bbox 1288 959 1457 1038; x_wconf 87' lang='lat' dir='ltr'><strong>providere</strong></span> <span class='ocrx_word' id='word_1_70' title='bbox 1494 959 1651 1022; x_wconf 88' lang='lat' dir='ltr'><strong>habebant</strong></span> <span class='ocrx_word' id='word_1_71' title='bbox 1693 959 1798 1040; x_wconf 90' lang='lat' dir='ltr'><strong>quieti</strong></span> <span class='ocrx_word' id='word_1_72' title='bbox 1842 967 1870 1020; x_wconf 87' lang='lat' dir='ltr'><strong>et</strong></span> 
     </span>
     <span class='ocr_line' id='line_1_8' title="bbox 201 1059 1871 1141; baseline -0.002 -17"><span class='ocrx_word' id='word_1_73' title='bbox 201 1083 205 1089; x_wconf 91' lang='lat'><em>·</em></span> <span class='ocrx_word' id='word_1_74' title='bbox 245 1062 349 1126; x_wconf 89' lang='lat' dir='ltr'><strong>deritt</strong></span> <span class='ocrx_word' id='word_1_75' title='bbox 381 1063 463 1124; x_wconf 86' lang='lat' dir='ltr'><strong>Num</strong></span> <span class='ocrx_word' id='word_1_76' title='bbox 493 1061 603 1141; x_wconf 90' lang='lat' dir='ltr'><strong>plebes</strong></span> <span class='ocrx_word' id='word_1_77' title='bbox 633 1062 742 1124; x_wconf 91' lang='lat' dir='ltr'><strong>minus</strong></span> <span class='ocrx_word' id='word_1_78' title='bbox 771 1070 961 1125; x_wconf 88' lang='lat' dir='ltr'><strong>tenerentur</strong></span> <span class='ocrx_word' id='word_1_79' title='bbox 991 1063 1029 1126; x_wconf 91' lang='lat' dir='ltr'><strong>ad</strong></span> <span class='ocrx_word' id='word_1_80' title='bbox 1085 1059 1243 1138; x_wconf 78' lang='lat' dir='ltr'><strong>gubernio</strong></span> <span class='ocrx_word' id='word_1_81' title='bbox 1281 1060 1425 1140; x_wconf 87' lang='lat' dir='ltr'><strong>plebium</strong></span> <span class='ocrx_word' id='word_1_82' title='bbox 1454 1066 1485 1122; x_wconf 90' lang='lat' dir='ltr'><strong>et</strong></span> <span class='ocrx_word' id='word_1_83' title='bbox 1513 1059 1691 1124; x_wconf 89' lang='lat' dir='ltr'><strong>civitatum.</strong></span> <span class='ocrx_word' id='word_1_84' title='bbox 1722 1061 1769 1124; x_wconf 84' lang='lat' dir='ltr'><strong>Ex</strong></span> <span class='ocrx_word' id='word_1_85' title='bbox 1809 1072 1871 1120; x_wconf 87' lang='lat' dir='ltr'><strong>una</strong></span> 
     </span>
     <span class='ocr_line' id='line_1_9' title="bbox 245 1157 1872 1240; baseline -0.003 -15"><span class='ocrx_word' id='word_1_86' title='bbox 245 1161 479 1238; x_wconf 86' lang='lat' dir='ltr'><strong>obedientiam,</strong></span> <span class='ocrx_word' id='word_1_87' title='bbox 498 1178 617 1224; x_wconf 90' lang='lat' dir='ltr'><strong>census</strong></span> <span class='ocrx_word' id='word_1_88' title='bbox 642 1170 673 1224; x_wconf 90' lang='lat' dir='ltr'><strong>et</strong></span> <span class='ocrx_word' id='word_1_89' title='bbox 697 1161 840 1223; x_wconf 91' lang='lat' dir='ltr'><strong>redditus</strong></span> <span class='ocrx_word' id='word_1_90' title='bbox 859 1159 1031 1224; x_wconf 91' lang='lat' dir='ltr'><strong>solvendos</strong></span> <span class='ocrx_word' id='word_1_91' title='bbox 1084 1177 1183 1226; x_wconf 91' lang='lat' dir='ltr'><strong>manu</strong></span> <span class='ocrx_word' id='word_1_92' title='bbox 1202 1161 1333 1240; x_wconf 90' lang='lat' dir='ltr'><strong>rapidos</strong></span> <span class='ocrx_word' id='word_1_93' title='bbox 1354 1161 1565 1223; x_wconf 81' lang='lat' dir='ltr'><strong>barbarorum</strong></span> <span class='ocrx_word' id='word_1_94' title='bbox 1588 1160 1705 1224; x_wconf 87' lang='lat' dir='ltr'><strong>lluotus</strong></span> <span class='ocrx_word' id='word_1_95' title='bbox 1732 1157 1872 1238; x_wconf 89' lang='lat' dir='ltr'><strong>repelle-</strong></span> 
     </span>
     <span class='ocr_line' id='line_1_10' title="bbox 244 1258 1871 1342; baseline -0.001 -18"><span class='ocrx_word' id='word_1_96' title='bbox 244 1277 305 1324; x_wconf 91' lang='lat' dir='ltr'><strong>suo</strong></span> <span class='ocrx_word' id='word_1_97' title='bbox 323 1258 518 1324; x_wconf 78' lang='lat' dir='ltr'><strong>benefactori</strong></span> <span class='ocrx_word' id='word_1_98' title='bbox 542 1260 753 1342; x_wconf 87' lang='lat' dir='ltr'><strong>legitimoque</strong></span> <span class='ocrx_word' id='word_1_99' title='bbox 778 1261 940 1342; x_wconf 83' lang='lat' dir='ltr'><strong>principit</strong></span> <span class='ocrx_word' id='word_1_100' title='bbox 964 1264 1032 1324; x_wconf 87' lang='lat' dir='ltr'><strong>llu·</strong></span> <span class='ocrx_word' id='word_1_101' title='bbox 1084 1260 1183 1331; x_wconf 91' lang='lat' dir='ltr'><strong>bant,</strong></span> <span class='ocrx_word' id='word_1_102' title='bbox 1211 1278 1249 1322; x_wconf 85' lang='lat' dir='ltr'><strong>ex</strong></span> <span class='ocrx_word' id='word_1_103' title='bbox 1275 1260 1373 1323; x_wconf 88' lang='lat' dir='ltr'><strong>altera</strong></span> <span class='ocrx_word' id='word_1_104' title='bbox 1405 1259 1494 1340; x_wconf 86' lang='lat' dir='ltr'><strong>leges</strong></span> <span class='ocrx_word' id='word_1_105' title='bbox 1523 1260 1685 1337; x_wconf 89' lang='lat' dir='ltr'><strong>lerebant,</strong></span> <span class='ocrx_word' id='word_1_106' title='bbox 1714 1260 1871 1340; x_wconf 76' lang='lat' dir='ltr'><strong>gubernio</strong></span> 
     </span>
     <span class='ocr_line' id='line_1_11' title="bbox 241 1358 1870 1444; baseline -0.004 -17"><span class='ocrx_word' id='word_1_107' title='bbox 241 1364 385 1444; x_wconf 83' lang='lat' dir='ltr'><strong>J‘usmodi</strong></span> <span class='ocrx_word' id='word_1_108' title='bbox 402 1364 540 1427; x_wconf 90' lang='lat' dir='ltr'><strong>assertio</strong></span> <span class='ocrx_word' id='word_1_109' title='bbox 557 1372 587 1428; x_wconf 92' lang='lat' dir='ltr'><strong>et</strong></span> <span class='ocrx_word' id='word_1_110' title='bbox 606 1365 770 1443; x_wconf 79' lang='lat' dir='ltr'><strong>pretentio</strong></span> <span class='ocrx_word' id='word_1_111' title='bbox 793 1363 877 1428; x_wconf 85' lang='lat' dir='ltr'><strong>foret</strong></span> <span class='ocrx_word' id='word_1_112' title='bbox 900 1361 1031 1426; x_wconf 79' lang='lat' dir='ltr'><strong>abolitio</strong></span> <span class='ocrx_word' id='word_1_113' title='bbox 1085 1358 1294 1433; x_wconf 84' lang='lat' dir='ltr'><strong>ordinabant,</strong></span> <span class='ocrx_word' id='word_1_114' title='bbox 1324 1358 1483 1438; x_wconf 87' lang='lat' dir='ltr'><strong>justitiam</strong></span> <span class='ocrx_word' id='word_1_115' title='bbox 1517 1359 1652 1424; x_wconf 88' lang='lat' dir='ltr'><strong>reddere</strong></span> <span class='ocrx_word' id='word_1_116' title='bbox 1690 1358 1870 1432; x_wconf 85' lang='lat' dir='ltr'><strong>iaciebant,</strong></span> 
     </span>
     <span class='ocr_line' id='line_1_12' title="bbox 242 1449 1870 1546; baseline -0.004 -19"><span class='ocrx_word' id='word_1_117' title='bbox 242 1449 391 1527; x_wconf 85' lang='lat' dir='ltr'><strong>omnium</strong></span> <span class='ocrx_word' id='word_1_118' title='bbox 421 1463 559 1546; x_wconf 88' lang='lat' dir='ltr'><strong>jurium.</strong></span> <span class='ocrx_word' id='word_1_119' title='bbox 594 1464 656 1526; x_wconf 90' lang='lat' dir='ltr'><strong>Sed</strong></span> <span class='ocrx_word' id='word_1_120' title='bbox 692 1463 783 1527; x_wconf 91' lang='lat' dir='ltr'><strong>valde</strong></span> <span class='ocrx_word' id='word_1_121' title='bbox 816 1461 957 1526; x_wconf 88' lang='lat' dir='ltr'><strong>notabile</strong></span> <span class='ocrx_word' id='word_1_122' title='bbox 982 1469 1031 1524; x_wconf 91' lang='lat' dir='ltr'><strong>ost</strong></span> <span class='ocrx_word' id='word_1_123' title='bbox 1082 1458 1222 1540; x_wconf 76' lang='lat' dir='ltr'><strong>Juraque</strong></span> <span class='ocrx_word' id='word_1_124' title='bbox 1262 1459 1408 1520; x_wconf 90' lang='lat' dir='ltr'><strong>omnium</strong></span> <span class='ocrx_word' id='word_1_125' title='bbox 1451 1459 1635 1522; x_wconf 89' lang='lat' dir='ltr'><strong>tuebantur.</strong></span> <span class='ocrx_word' id='word_1_126' title='bbox 1674 1459 1870 1539; x_wconf 82' lang='lat' dir='ltr'><strong>Hujusmodi</strong></span> 
     </span>
     <span class='ocr_line' id='line_1_13' title="bbox 246 1557 1870 1644; baseline -0.004 -18"><span class='ocrx_word' id='word_1_127' title='bbox 246 1565 459 1644; x_wconf 85' lang='lat' dir='ltr'><strong>principatum</strong></span> <span class='ocrx_word' id='word_1_128' title='bbox 481 1563 610 1627; x_wconf 92' lang='lat' dir='ltr'><strong>civilem</strong></span> <span class='ocrx_word' id='word_1_129' title='bbox 632 1569 748 1626; x_wconf 82' lang='lat' dir='ltr'><strong>sanctae</strong></span> <span class='ocrx_word' id='word_1_130' title='bbox 769 1563 874 1637; x_wconf 91' lang='lat' dir='ltr'><strong>sedis,</strong></span> <span class='ocrx_word' id='word_1_131' title='bbox 899 1562 939 1624; x_wconf 89' lang='lat' dir='ltr'><strong>de</strong></span> <span class='ocrx_word' id='word_1_132' title='bbox 966 1575 1031 1641; x_wconf 92' lang='lat' dir='ltr'><strong>quo</strong></span> <span class='ocrx_word' id='word_1_133' title='bbox 1086 1558 1313 1636; x_wconf 89' lang='lat' dir='ltr'><strong>provideatiali</strong></span> <span class='ocrx_word' id='word_1_134' title='bbox 1331 1558 1523 1622; x_wconf 86' lang='lat' dir='ltr'><strong>necessitate</strong></span> <span class='ocrx_word' id='word_1_135' title='bbox 1535 1557 1667 1638; x_wconf 88' lang='lat' dir='ltr'><strong>obligati</strong></span> <span class='ocrx_word' id='word_1_136' title='bbox 1692 1564 1770 1621; x_wconf 91' lang='lat' dir='ltr'><strong>sunt</strong></span> <span class='ocrx_word' id='word_1_137' title='bbox 1791 1573 1870 1636; x_wconf 91' lang='lat' dir='ltr'><strong>pou·</strong></span> 
     </span>
     <span class='ocr_line' id='line_1_14' title="bbox 245 1655 1870 1744; baseline 0.006 -17"><span class='ocrx_word' id='word_1_138' title='bbox 245 1664 935 1744; x_wconf 86' lang='lat' dir='ltr'><strong>bucusquelocutisumus,institurumet</strong></span> <span class='ocrx_word' id='word_1_139' title='bbox 957 1678 1033 1725; x_wconf 91' lang='lat' dir='ltr'><strong>con·</strong></span> <span class='ocrx_word' id='word_1_140' title='bbox 1086 1655 1185 1718; x_wconf 66' lang='lat' dir='ltr'><strong>libies</strong></span> <span class='ocrx_word' id='word_1_141' title='bbox 1225 1673 1283 1735; x_wconf 86' lang='lat' dir='ltr'><strong>per</strong></span> <span class='ocrx_word' id='word_1_142' title='bbox 1320 1655 1506 1732; x_wconf 63' lang='lat' dir='ltr'><strong>bessessssslflr</strong></span> <span class='ocrx_word' id='word_1_143' title='bbox 1530 1657 1682 1724; x_wconf 65' lang='lat' dir='ltr'><strong>Sdcfffissii</strong></span> <span class='ocrx_word' id='word_1_144' title='bbox 1712 1655 1870 1736; x_wconf 69' lang='lat' dir='ltr'><strong>⁰1¹l¹¹⁸ll¹¹⁰</strong></span> 
     </span>
     <span class='ocr_line' id='line_1_15' title="bbox 245 1759 1871 1844; baseline -0.002 -18"><span class='ocrx_word' id='word_1_145' title='bbox 245 1765 393 1838; x_wconf 83' lang='lat' dir='ltr'><strong>stitutum</strong></span> <span class='ocrx_word' id='word_1_146' title='bbox 417 1763 519 1828; x_wconf 85' lang='lat' dir='ltr'><strong>luisse</strong></span> <span class='ocrx_word' id='word_1_147' title='bbox 547 1782 603 1844; x_wconf 91' lang='lat' dir='ltr'><strong>per</strong></span> <span class='ocrx_word' id='word_1_148' title='bbox 625 1779 738 1826; x_wconf 89' lang='lat' dir='ltr'><strong>omnes</strong></span> <span class='ocrx_word' id='word_1_149' title='bbox 760 1763 876 1825; x_wconf 83' lang='lat' dir='ltr'><strong>stricte</strong></span> <span class='ocrx_word' id='word_1_150' title='bbox 901 1762 1033 1842; x_wconf 79' lang='lat' dir='ltr'><strong>justitiae</strong></span> <span class='ocrx_word' id='word_1_151' title='bbox 1084 1759 1233 1840; x_wconf 89' lang='lat' dir='ltr'><strong>generis,</strong></span> <span class='ocrx_word' id='word_1_152' title='bbox 1258 1759 1383 1822; x_wconf 89' lang='lat' dir='ltr'><strong>labores</strong></span> <span class='ocrx_word' id='word_1_153' title='bbox 1403 1766 1434 1824; x_wconf 90' lang='lat' dir='ltr'><strong>et</strong></span> <span class='ocrx_word' id='word_1_154' title='bbox 1457 1777 1541 1839; x_wconf 80' lang='lat' dir='ltr'><strong>saepe</strong></span> <span class='ocrx_word' id='word_1_155' title='bbox 1566 1767 1699 1824; x_wconf 88' lang='lat' dir='ltr'><strong>mortem</strong></span> <span class='ocrx_word' id='word_1_156' title='bbox 1721 1775 1871 1822; x_wconf 83' lang='lat' dir='ltr'><strong>exercere</strong></span> 
     </span>
     <span class='ocr_line' id='line_1_16' title="bbox 244 1859 1870 1944; baseline -0.003 -19"><span class='ocrx_word' id='word_1_157' title='bbox 244 1863 466 1944; x_wconf 82' lang='lat' dir='ltr'><strong>corrditiones;</strong></span> <span class='ocrx_word' id='word_1_158' title='bbox 512 1863 600 1927; x_wconf 91' lang='lat' dir='ltr'><strong>nulla</strong></span> <span class='ocrx_word' id='word_1_159' title='bbox 627 1862 672 1926; x_wconf 90' lang='lat' dir='ltr'><strong>ibi</strong></span> <span class='ocrx_word' id='word_1_160' title='bbox 708 1861 811 1926; x_wconf 88' lang='lat' dir='ltr'><strong>adfuit</strong></span> <span class='ocrx_word' id='word_1_161' title='bbox 855 1861 1029 1936; x_wconf 90' lang='lat' dir='ltr'><strong>violentia,</strong></span> <span class='ocrx_word' id='word_1_162' title='bbox 1085 1876 1268 1940; x_wconf 87' lang='lat' dir='ltr'><strong>supremam</strong></span> <span class='ocrx_word' id='word_1_163' title='bbox 1296 1859 1424 1922; x_wconf 88' lang='lat' dir='ltr'><strong>civilem</strong></span> <span class='ocrx_word' id='word_1_164' title='bbox 1447 1867 1478 1922; x_wconf 92' lang='lat' dir='ltr'><strong>et</strong></span> <span class='ocrx_word' id='word_1_165' title='bbox 1503 1861 1706 1939; x_wconf 79' lang='lat' dir='ltr'><strong>temporalem</strong></span> <span class='ocrx_word' id='word_1_166' title='bbox 1733 1864 1870 1938; x_wconf 87' lang='lat' dir='ltr'><strong>potesta-</strong></span> 
     </span>
     <span class='ocr_line' id='line_1_17' title="bbox 243 1960 1871 2040; baseline -0.005 -12"><span class='ocrx_word' id='word_1_167' title='bbox 243 1961 333 2028; x_wconf 85' lang='lat' dir='ltr'><strong>nulla</strong></span> <span class='ocrx_word' id='word_1_168' title='bbox 372 1963 557 2038; x_wconf 88' lang='lat' dir='ltr'><strong>usurpatio,</strong></span> <span class='ocrx_word' id='word_1_169' title='bbox 594 1961 683 2024; x_wconf 91' lang='lat' dir='ltr'><strong>nulla</strong></span> <span class='ocrx_word' id='word_1_170' title='bbox 714 1961 860 2034; x_wconf 89' lang='lat' dir='ltr'><strong>invasio;</strong></span> <span class='ocrx_word' id='word_1_171' title='bbox 897 1979 956 2024; x_wconf 92' lang='lat' dir='ltr'><strong>uec</strong></span> <span class='ocrx_word' id='word_1_172' title='bbox 992 1979 1033 2024; x_wconf 86' lang='lat' dir='ltr'><strong>ex</strong></span> <span class='ocrx_word' id='word_1_173' title='bbox 1086 1960 1471 2026; x_wconf 81' lang='lat' dir='ltr'><strong>tem.11recestlristorire</strong></span> <span class='ocrx_word' id='word_1_174' title='bbox 1496 1961 1750 2040; x_wconf 85' lang='lat' dir='ltr'><strong>veritas,quam</strong></span> <span class='ocrx_word' id='word_1_175' title='bbox 1778 1973 1871 2020; x_wconf 88' lang='lat' dir='ltr'><strong>nemo</strong></span> 
     </span>
     <span class='ocr_line' id='line_1_18' title="bbox 183 2051 1873 2142; baseline -0.001 -20"><span class='ocrx_word' id='word_1_176' title='bbox 183 2131 186 2136; x_wconf 22' lang='lat'><strong>¹</strong></span> <span class='ocrx_word' id='word_1_177' title='bbox 240 2051 314 2142; x_wconf 79' lang='lat' dir='ltr'><strong>juro</strong></span> <span class='ocrx_word' id='word_1_178' title='bbox 338 2062 589 2141; x_wconf 83' lang='lat' dir='ltr'><strong>conquisitionis</strong></span> <span class='ocrx_word' id='word_1_179' title='bbox 620 2069 651 2124; x_wconf 88' lang='lat' dir='ltr'><strong>et</strong></span> <span class='ocrx_word' id='word_1_180' title='bbox 683 2061 778 2135; x_wconf 88' lang='lat' dir='ltr'><strong>belli,</strong></span> <span class='ocrx_word' id='word_1_181' title='bbox 805 2061 862 2124; x_wconf 88' lang='lat' dir='ltr'><strong>sed</strong></span> <span class='ocrx_word' id='word_1_182' title='bbox 894 2079 933 2124; x_wconf 86' lang='lat' dir='ltr'><strong>ex</strong></span> <span class='ocrx_word' id='word_1_183' title='bbox 957 2061 1031 2141; x_wconf 90' lang='lat' dir='ltr'><strong>jure</strong></span> <span class='ocrx_word' id='word_1_184' title='bbox 1085 2059 1169 2122; x_wconf 91' lang='lat' dir='ltr'><strong>boua</strong></span> <span class='ocrx_word' id='word_1_185' title='bbox 1185 2059 1768 2139; x_wconf 82' lang='lat' dir='ltr'><strong>udenegarepetestsertbipossunt</strong></span> <span class='ocrx_word' id='word_1_186' title='bbox 1785 2057 1873 2120; x_wconf 85' lang='lat' dir='ltr'><strong>theo-</strong></span> 
     </span>
     <span class='ocr_line' id='line_1_19' title="bbox 244 2157 1873 2241; baseline -0.002 -18"><span class='ocrx_word' id='word_1_187' title='bbox 244 2161 381 2241; x_wconf 84' lang='lat' dir='ltr'><strong>pacilieoe</strong></span> <span class='ocrx_word' id='word_1_188' title='bbox 409 2161 547 2240; x_wconf 87' lang='lat' dir='ltr'><strong>etjustae</strong></span> <span class='ocrx_word' id='word_1_189' title='bbox 561 2157 747 2221; x_wconf 89' lang='lat' dir='ltr'><strong>donationis</strong></span> <span class='ocrx_word' id='word_1_190' title='bbox 764 2165 793 2220; x_wconf 89' lang='lat' dir='ltr'><strong>et</strong></span> <span class='ocrx_word' id='word_1_191' title='bbox 808 2157 1030 2222; x_wconf 87' lang='lat' dir='ltr'><strong>translationis</strong></span> <span class='ocrx_word' id='word_1_192' title='bbox 1086 2161 1351 2240; x_wconf 87' lang='lat' dir='ltr'><strong>riae,·crearique</strong></span> <span class='ocrx_word' id='word_1_193' title='bbox 1376 2167 1549 2241; x_wconf 84' lang='lat' dir='ltr'><strong>systemata</strong></span> <span class='ocrx_word' id='word_1_194' title='bbox 1577 2168 1612 2222; x_wconf 91' lang='lat' dir='ltr'><strong>ut</strong></span> <span class='ocrx_word' id='word_1_195' title='bbox 1639 2157 1873 2235; x_wconf 86' lang='lat' dir='ltr'><strong>compellantur</strong></span> 
     </span>
     <span class='ocr_line' id='line_1_20' title="bbox 245 2256 1871 2341; baseline 0 -21"><span class='ocrx_word' id='word_1_196' title='bbox 245 2257 401 2332; x_wconf 91' lang='lat' dir='ltr'><strong>dominii,</strong></span> <span class='ocrx_word' id='word_1_197' title='bbox 426 2257 699 2338; x_wconf 87' lang='lat' dir='ltr'><strong>quemadmodum</strong></span> <span class='ocrx_word' id='word_1_198' title='bbox 715 2257 795 2338; x_wconf 84' lang='lat' dir='ltr'><strong>Regi</strong></span> <span class='ocrx_word' id='word_1_199' title='bbox 818 2256 905 2336; x_wconf 90' lang='lat' dir='ltr'><strong>pacis</strong></span> <span class='ocrx_word' id='word_1_200' title='bbox 931 2265 962 2319; x_wconf 91' lang='lat' dir='ltr'><strong>et</strong></span> <span class='ocrx_word' id='word_1_201' title='bbox 980 2257 1034 2336; x_wconf 85' lang='lat' dir='ltr'><strong>ju·</strong></span> <span class='ocrx_word' id='word_1_202' title='bbox 1083 2262 1205 2324; x_wconf 83' lang='lat' dir='ltr'><strong>intrare</strong></span> <span class='ocrx_word' id='word_1_203' title='bbox 1226 2272 1314 2340; x_wconf 90' lang='lat' dir='ltr'><strong>gesta</strong></span> <span class='ocrx_word' id='word_1_204' title='bbox 1336 2260 1484 2341; x_wconf 88' lang='lat' dir='ltr'><strong>laetaque</strong></span> <span class='ocrx_word' id='word_1_205' title='bbox 1509 2259 1674 2324; x_wconf 77' lang='lat' dir='ltr'><strong>falsificata</strong></span> <span class='ocrx_word' id='word_1_206' title='bbox 1698 2260 1871 2322; x_wconf 88' lang='lat' dir='ltr'><strong>denatura·</strong></span> 
     </span>
     <span class='ocr_line' id='line_1_21' title="bbox 243 2355 1848 2441; baseline 0.002 -24"><span class='ocrx_word' id='word_1_207' title='bbox 243 2355 340 2419; x_wconf 80' lang='lat' dir='ltr'><strong>stitia</strong></span> <span class='ocrx_word' id='word_1_208' title='bbox 354 2355 479 2418; x_wconf 83' lang='lat' dir='ltr'><strong>Christo</strong></span> <span class='ocrx_word' id='word_1_209' title='bbox 495 2358 632 2436; x_wconf 89' lang='lat' dir='ltr'><strong>ejusque</strong></span> <span class='ocrx_word' id='word_1_210' title='bbox 649 2356 769 2418; x_wconf 89' lang='lat' dir='ltr'><strong>vicario</strong></span> <span class='ocrx_word' id='word_1_211' title='bbox 785 2355 927 2419; x_wconf 87' lang='lat' dir='ltr'><strong>docebat.</strong></span> <span class='ocrx_word' id='word_1_212' title='bbox 944 2356 1031 2420; x_wconf 84' lang='lat' dir='ltr'><strong>Talis</strong></span> <span class='ocrx_word' id='word_1_213' title='bbox 1086 2367 1199 2441; x_wconf 84' lang='lat' dir='ltr'><strong>taque;</strong></span> <span class='ocrx_word' id='word_1_214' title='bbox 1224 2359 1304 2423; x_wconf 87' lang='lat' dir='ltr'><strong>lecta</strong></span> <span class='ocrx_word' id='word_1_215' title='bbox 1328 2377 1405 2424; x_wconf 87' lang='lat' dir='ltr'><strong>vero</strong></span> <span class='ocrx_word' id='word_1_216' title='bbox 1428 2376 1503 2424; x_wconf 90' lang='lat' dir='ltr'><strong>vera</strong></span> <span class='ocrx_word' id='word_1_217' title='bbox 1524 2359 1647 2422; x_wconf 87' lang='lat' dir='ltr'><strong>destrui</strong></span> <span class='ocrx_word' id='word_1_218' title='bbox 1668 2367 1848 2439; x_wconf 88' lang='lat' dir='ltr'><strong>nequeunt.</strong></span> 
     </span>
     <span class='ocr_line' id='line_1_22' title="bbox 242 2453 1870 2540; baseline 0.003 -23"><span class='ocrx_word' id='word_1_219' title='bbox 242 2453 304 2518; x_wconf 84' lang='lat' dir='ltr'><strong>luit</strong></span> <span class='ocrx_word' id='word_1_220' title='bbox 322 2457 424 2535; x_wconf 92' lang='lat' dir='ltr'><strong>prima</strong></span> <span class='ocrx_word' id='word_1_221' title='bbox 441 2456 581 2518; x_wconf 92' lang='lat' dir='ltr'><strong>bumana</strong></span> <span class='ocrx_word' id='word_1_222' title='bbox 598 2455 689 2535; x_wconf 88' lang='lat' dir='ltr'><strong>origo</strong></span> <span class='ocrx_word' id='word_1_223' title='bbox 706 2455 902 2534; x_wconf 87' lang='lat' dir='ltr'><strong>principatus</strong></span> <span class='ocrx_word' id='word_1_224' title='bbox 925 2456 1031 2519; x_wconf 89' lang='lat' dir='ltr'><strong>civilis</strong></span> <span class='ocrx_word' id='word_1_225' title='bbox 1124 2462 1166 2524; x_wconf 81' lang='lat' dir='ltr'><strong>X.</strong></span> <span class='ocrx_word' id='word_1_226' title='bbox 1184 2462 1324 2524; x_wconf 88' lang='lat' dir='ltr'><strong>Potestas</strong></span> <span class='ocrx_word' id='word_1_227' title='bbox 1339 2459 1439 2540; x_wconf 89' lang='lat' dir='ltr'><strong>igitur</strong></span> <span class='ocrx_word' id='word_1_228' title='bbox 1454 2459 1638 2538; x_wconf 90' lang='lat' dir='ltr'><strong>temporalis</strong></span> <span class='ocrx_word' id='word_1_229' title='bbox 1654 2467 1772 2522; x_wconf 84' lang='lat' dir='ltr'><strong>sancte</strong></span> <span class='ocrx_word' id='word_1_230' title='bbox 1786 2459 1870 2522; x_wconf 86' lang='lat' dir='ltr'><strong>sedis</strong></span> 
     </span>
     <span class='ocr_line' id='line_1_23' title="bbox 243 2554 1871 2636; baseline 0.001 -19"><span class='ocrx_word' id='word_1_231' title='bbox 243 2564 358 2618; x_wconf 84' lang='lat' dir='ltr'><strong>saneta</strong></span> <span class='ocrx_word' id='word_1_232' title='bbox 375 2556 484 2632; x_wconf 80' lang='lat' dir='ltr'><strong>sedis3</strong></span> <span class='ocrx_word' id='word_1_233' title='bbox 503 2556 560 2619; x_wconf 90' lang='lat' dir='ltr'><strong>sed</strong></span> <span class='ocrx_word' id='word_1_234' title='bbox 584 2557 695 2620; x_wconf 91' lang='lat' dir='ltr'><strong>babuit</strong></span> <span class='ocrx_word' id='word_1_235' title='bbox 718 2572 850 2636; x_wconf 89' lang='lat' dir='ltr'><strong>quoquo</strong></span> <span class='ocrx_word' id='word_1_236' title='bbox 872 2556 952 2619; x_wconf 91' lang='lat' dir='ltr'><strong>alias</strong></span> <span class='ocrx_word' id='word_1_237' title='bbox 972 2557 1030 2620; x_wconf 88' lang='lat' dir='ltr'><strong>de·</strong></span> <span class='ocrx_word' id='word_1_238' title='bbox 1086 2566 1159 2622; x_wconf 91' lang='lat' dir='ltr'><strong>nata</strong></span> <span class='ocrx_word' id='word_1_239' title='bbox 1176 2567 1280 2620; x_wconf 86' lang='lat' dir='ltr'><strong>estex</strong></span> <span class='ocrx_word' id='word_1_240' title='bbox 1297 2563 1458 2636; x_wconf 90' lang='lat' dir='ltr'><strong>tempore,</strong></span> <span class='ocrx_word' id='word_1_241' title='bbox 1481 2554 1750 2628; x_wconf 86' lang='lat' dir='ltr'><strong>circumstantiis,</strong></span> <span class='ocrx_word' id='word_1_242' title='bbox 1771 2570 1871 2634; x_wconf 85' lang='lat' dir='ltr'><strong>popo·</strong></span> 
     </span>
     <span class='ocr_line' id='line_1_24' title="bbox 243 2654 1872 2735; baseline -0.002 -17"><span class='ocrx_word' id='word_1_243' title='bbox 243 2655 455 2718; x_wconf 89' lang='lat' dir='ltr'><strong>terminantes</strong></span> <span class='ocrx_word' id='word_1_244' title='bbox 471 2672 582 2719; x_wconf 88' lang='lat' dir='ltr'><strong>causas</strong></span> <span class='ocrx_word' id='word_1_245' title='bbox 599 2671 663 2718; x_wconf 92' lang='lat' dir='ltr'><strong>non</strong></span> <span class='ocrx_word' id='word_1_246' title='bbox 686 2655 794 2718; x_wconf 90' lang='lat' dir='ltr'><strong>miuus</strong></span> <span class='ocrx_word' id='word_1_247' title='bbox 811 2655 983 2735; x_wconf 91' lang='lat' dir='ltr'><strong>legitimas.</strong></span> <span class='ocrx_word' id='word_1_248' title='bbox 1085 2657 1190 2720; x_wconf 90' lang='lat' dir='ltr'><strong>lorum</strong></span> <span class='ocrx_word' id='word_1_249' title='bbox 1223 2656 1490 2733; x_wconf 87' lang='lat' dir='ltr'><strong>necessitatibus,</strong></span> <span class='ocrx_word' id='word_1_250' title='bbox 1525 2655 1624 2732; x_wconf 87' lang='lat' dir='ltr'><strong>votis,</strong></span> <span class='ocrx_word' id='word_1_251' title='bbox 1659 2654 1811 2734; x_wconf 84' lang='lat' dir='ltr'><strong>precibus</strong></span> <span class='ocrx_word' id='word_1_252' title='bbox 1842 2661 1872 2716; x_wconf 91' lang='lat' dir='ltr'><strong>et</strong></span> 
     </span>
    </p>
   </div>
   <div class='ocr_carea' id='block_1_3' title="bbox 242 2753 1034 5626">
    <p class='ocr_par' dir='ltr' id='par_1_3' title="bbox 242 2753 1032 4326">
     <span class='ocr_line' id='line_1_25' title="bbox 282 2753 1032 2836; baseline 0 -19"><span class='ocrx_word' id='word_1_253' title='bbox 282 2757 338 2818; x_wconf 84' lang='lat' dir='ltr'><strong>tx.</strong></span> <span class='ocrx_word' id='word_1_254' title='bbox 353 2757 378 2816; x_wconf 84' lang='grc' dir='ltr'>Α</span> <span class='ocrx_word' id='word_1_255' title='bbox 393 2753 511 2818; x_wconf 83' lang='lat' dir='ltr'><strong>saeculo</strong></span> <span class='ocrx_word' id='word_1_256' title='bbox 526 2755 643 2817; x_wconf 89' lang='lat' dir='ltr'><strong>etenim</strong></span> <span class='ocrx_word' id='word_1_257' title='bbox 659 2755 772 2836; x_wconf 89' lang='lat' dir='ltr'><strong>quinto</strong></span> <span class='ocrx_word' id='word_1_258' title='bbox 785 2762 816 2817; x_wconf 92' lang='lat' dir='ltr'><strong>et</strong></span> <span class='ocrx_word' id='word_1_259' title='bbox 834 2763 927 2818; x_wconf 89' lang='lat' dir='ltr'><strong>autea</strong></span> <span class='ocrx_word' id='word_1_260' title='bbox 937 2799 946 2832; x_wconf 98' lang='lat'><strong>,</strong></span> <span class='ocrx_word' id='word_1_261' title='bbox 960 2773 1032 2834; x_wconf 89' lang='lat' dir='ltr'><strong>per-</strong></span> 
     </span>
     <span class='ocr_line' id='line_1_26' title="bbox 242 2855 1030 2937; baseline 0.005 -21"><span class='ocrx_word' id='word_1_262' title='bbox 242 2861 348 2937; x_wconf 84' lang='lat' dir='ltr'><strong>petuae</strong></span> <span class='ocrx_word' id='word_1_263' title='bbox 363 2860 393 2915; x_wconf 87' lang='lat' dir='ltr'><strong>et</strong></span> <span class='ocrx_word' id='word_1_264' title='bbox 410 2855 603 2918; x_wconf 85' lang='lat' dir='ltr'><strong>successivae</strong></span> <span class='ocrx_word' id='word_1_265' title='bbox 622 2855 832 2918; x_wconf 81' lang='lat' dir='ltr'><strong>barbarorum</strong></span> <span class='ocrx_word' id='word_1_266' title='bbox 844 2855 1030 2920; x_wconf 84' lang='lat' dir='ltr'><strong>invasiones</strong></span> 
     </span>
     <span class='ocr_line' id='line_1_27' title="bbox 244 2953 1031 3034; baseline 0.004 -19"><span class='ocrx_word' id='word_1_267' title='bbox 244 2959 432 3034; x_wconf 90' lang='lat' dir='ltr'><strong>potestatem</strong></span> <span class='ocrx_word' id='word_1_268' title='bbox 450 2953 680 3032; x_wconf 91' lang='lat' dir='ltr'><strong>imperatorum</strong></span> <span class='ocrx_word' id='word_1_269' title='bbox 706 2954 1031 3034; x_wconf 85' lang='lat' dir='ltr'><strong>Constantinopolita-</strong></span> 
     </span>
     <span class='ocr_line' id='line_1_28' title="bbox 244 3053 1030 3135; baseline 0.005 -19"><span class='ocrx_word' id='word_1_270' title='bbox 244 3069 357 3116; x_wconf 89' lang='lat' dir='ltr'><strong>norum</strong></span> <span class='ocrx_word' id='word_1_271' title='bbox 373 3053 407 3115; x_wconf 91' lang='lat' dir='ltr'><strong>iu</strong></span> <span class='ocrx_word' id='word_1_272' title='bbox 424 3053 512 3116; x_wconf 91' lang='lat' dir='ltr'><strong>ltalia</strong></span> <span class='ocrx_word' id='word_1_273' title='bbox 537 3053 765 3117; x_wconf 80' lang='lat' dir='ltr'><strong>labefactarunt</strong></span> <span class='ocrx_word' id='word_1_274' title='bbox 778 3075 787 3130; x_wconf 90' lang='lat'>;</span> <span class='ocrx_word' id='word_1_275' title='bbox 802 3071 875 3135; x_wconf 76' lang='lat' dir='ltr'><strong>quas</strong></span> <span class='ocrx_word' id='word_1_276' title='bbox 891 3061 1030 3134; x_wconf 87' lang='lat' dir='ltr'><strong>potestas</strong></span> 
     </span>
     <span class='ocr_line' id='line_1_29' title="bbox 242 3152 1028 3220; baseline 0.005 -5"><span class='ocrx_word' id='word_1_277' title='bbox 242 3169 316 3215; x_wconf 84' lang='lat' dir='ltr'><strong>mox</strong></span> <span class='ocrx_word' id='word_1_278' title='bbox 330 3152 369 3215; x_wconf 90' lang='lat' dir='ltr'><strong>ad</strong></span> <span class='ocrx_word' id='word_1_279' title='bbox 390 3153 530 3220; x_wconf 88' lang='lat' dir='ltr'><strong>nominis</strong></span> <span class='ocrx_word' id='word_1_280' title='bbox 553 3155 776 3218; x_wconf 82' lang='lat' dir='ltr'><strong>exsistentiam</strong></span> <span class='ocrx_word' id='word_1_281' title='bbox 802 3155 927 3220; x_wconf 88' lang='lat' dir='ltr'><strong>redacta</strong></span> <span class='ocrx_word' id='word_1_282' title='bbox 954 3153 1028 3219; x_wconf 89' lang='lat' dir='ltr'><strong>luit.</strong></span> 
     </span>
     <span class='ocr_line' id='line_1_30' title="bbox 243 3253 1032 3334; baseline 0.004 -20"><span class='ocrx_word' id='word_1_283' title='bbox 243 3255 290 3316; x_wconf 76' lang='lat' dir='ltr'><strong>,td</strong></span> <span class='ocrx_word' id='word_1_284' title='bbox 317 3253 511 3316; x_wconf 88' lang='lat' dir='ltr'><strong>dilabentem</strong></span> <span class='ocrx_word' id='word_1_285' title='bbox 537 3253 735 3332; x_wconf 86' lang='lat' dir='ltr'><strong>imperialem</strong></span> <span class='ocrx_word' id='word_1_286' title='bbox 763 3261 952 3334; x_wconf 90' lang='lat' dir='ltr'><strong>potestatem</strong></span> <span class='ocrx_word' id='word_1_287' title='bbox 981 3261 1032 3318; x_wconf 90' lang='lat' dir='ltr'><strong>tu-</strong></span> 
     </span>
     <span class='ocr_line' id='line_1_31' title="bbox 242 3353 1032 3432; baseline 0.001 -15"><span class='ocrx_word' id='word_1_288' title='bbox 242 3353 369 3417; x_wconf 90' lang='lat' dir='ltr'><strong>tandam</strong></span> <span class='ocrx_word' id='word_1_289' title='bbox 406 3353 614 3432; x_wconf 89' lang='lat' dir='ltr'><strong>imperatores</strong></span> <span class='ocrx_word' id='word_1_290' title='bbox 651 3354 838 3432; x_wconf 83' lang='lat' dir='ltr'><strong>pontificum</strong></span> <span class='ocrx_word' id='word_1_291' title='bbox 871 3357 1032 3418; x_wconf 84' lang='lat' dir='ltr'><strong>Romano-</strong></span> 
     </span>
     <span class='ocr_line' id='line_1_32' title="bbox 243 3452 1028 3516; baseline 0.003 -2"><span class='ocrx_word' id='word_1_292' title='bbox 243 3470 315 3514; x_wconf 89' lang='lat' dir='ltr'><strong>rum</strong></span> <span class='ocrx_word' id='word_1_293' title='bbox 342 3453 499 3514; x_wconf 83' lang='lat' dir='ltr'><strong>auxitium</strong></span> <span class='ocrx_word' id='word_1_294' title='bbox 525 3468 560 3514; x_wconf 92' lang='lat' dir='ltr'><strong>ac</strong></span> <span class='ocrx_word' id='word_1_295' title='bbox 585 3452 805 3515; x_wconf 90' lang='lat' dir='ltr'><strong>auctoritatem</strong></span> <span class='ocrx_word' id='word_1_296' title='bbox 827 3452 1028 3516; x_wconf 85' lang='lat' dir='ltr'><strong>invocarunt.</strong></span> 
     </span>
     <span class='ocr_line' id='line_1_33' title="bbox 243 3551 1031 3616; baseline 0.003 -4"><span class='ocrx_word' id='word_1_297' title='bbox 243 3551 372 3615; x_wconf 83' lang='lat' dir='ltr'><strong>Barbari</strong></span> <span class='ocrx_word' id='word_1_298' title='bbox 410 3551 478 3613; x_wconf 89' lang='lat' dir='ltr'><strong>vice</strong></span> <span class='ocrx_word' id='word_1_299' title='bbox 517 3567 574 3614; x_wconf 89' lang='lat' dir='ltr'><strong>sua</strong></span> <span class='ocrx_word' id='word_1_300' title='bbox 611 3567 675 3613; x_wconf 92' lang='lat' dir='ltr'><strong>non</strong></span> <span class='ocrx_word' id='word_1_301' title='bbox 713 3551 956 3616; x_wconf 84' lang='lat' dir='ltr'><strong>consentiebant</strong></span> <span class='ocrx_word' id='word_1_302' title='bbox 991 3551 1031 3614; x_wconf 92' lang='lat' dir='ltr'><strong>ad</strong></span> 
     </span>
     <span class='ocr_line' id='line_1_34' title="bbox 244 3648 1030 3731; baseline -0.001 -17"><span class='ocrx_word' id='word_1_303' title='bbox 244 3665 350 3728; x_wconf 78' lang='lat' dir='ltr'><strong>pacem</strong></span> <span class='ocrx_word' id='word_1_304' title='bbox 369 3649 565 3724; x_wconf 83' lang='lat' dir='ltr'><strong>laciendum,</strong></span> <span class='ocrx_word' id='word_1_305' title='bbox 589 3648 772 3731; x_wconf 72' lang='lat' dir='ltr'><strong>foederaque</strong></span> <span class='ocrx_word' id='word_1_306' title='bbox 796 3650 942 3714; x_wconf 88' lang='lat' dir='ltr'><strong>lerieuda</strong></span> <span class='ocrx_word' id='word_1_307' title='bbox 964 3649 1030 3713; x_wconf 88' lang='lat' dir='ltr'><strong>uisi</strong></span> 
     </span>
     <span class='ocr_line' id='line_1_35' title="bbox 244 3748 1031 3828; baseline 0.008 -20"><span class='ocrx_word' id='word_1_308' title='bbox 244 3748 477 3812; x_wconf 77' lang='lat' dir='ltr'><strong>reconditione</strong></span> <span class='ocrx_word' id='word_1_309' title='bbox 494 3757 528 3809; x_wconf 88' lang='lat' dir='ltr'><strong>vrt</strong></span> <span class='ocrx_word' id='word_1_310' title='bbox 556 3750 722 3828; x_wconf 83' lang='lat' dir='ltr'><strong>pontifices</strong></span> <span class='ocrx_word' id='word_1_311' title='bbox 742 3749 976 3812; x_wconf 82' lang='lat' dir='ltr'><strong>intervenirent</strong></span> <span class='ocrx_word' id='word_1_312' title='bbox 999 3755 1031 3814; x_wconf 88' lang='lat' dir='ltr'><strong>et</strong></span> 
     </span>
     <span class='ocr_line' id='line_1_36' title="bbox 242 3847 1031 3930; baseline 0.003 -21"><span class='ocrx_word' id='word_1_313' title='bbox 242 3847 358 3914; x_wconf 85' lang='lat' dir='ltr'><strong>ltedera</strong></span> <span class='ocrx_word' id='word_1_314' title='bbox 377 3867 432 3930; x_wconf 92' lang='lat' dir='ltr'><strong>per</strong></span> <span class='ocrx_word' id='word_1_315' title='bbox 455 3867 544 3912; x_wconf 91' lang='lat' dir='ltr'><strong>suam</strong></span> <span class='ocrx_word' id='word_1_316' title='bbox 571 3851 791 3914; x_wconf 91' lang='lat' dir='ltr'><strong>auctoritatem</strong></span> <span class='ocrx_word' id='word_1_317' title='bbox 819 3857 850 3912; x_wconf 91' lang='lat' dir='ltr'><strong>ot</strong></span> <span class='ocrx_word' id='word_1_318' title='bbox 875 3866 959 3930; x_wconf 81' lang='lat' dir='ltr'><strong>saepe</strong></span> <span class='ocrx_word' id='word_1_319' title='bbox 985 3851 1031 3912; x_wconf 79' lang='lat' dir='ltr'><strong>sl-</strong></span> 
     </span>
     <span class='ocr_line' id='line_1_37' title="bbox 243 3949 1032 4028; baseline 0.004 -19"><span class='ocrx_word' id='word_1_320' title='bbox 243 3955 407 4028; x_wconf 86' lang='lat' dir='ltr'><strong>guaturam</strong></span> <span class='ocrx_word' id='word_1_321' title='bbox 425 3949 595 4011; x_wconf 84' lang='lat' dir='ltr'><strong>firmarent.</strong></span> <span class='ocrx_word' id='word_1_322' title='bbox 615 3950 727 4028; x_wconf 72' lang='lat' dir='ltr'><strong>l‘opuli</strong></span> <span class='ocrx_word' id='word_1_323' title='bbox 744 3949 886 4025; x_wconf 88' lang='lat' dir='ltr'><strong>tandem,</strong></span> <span class='ocrx_word' id='word_1_324' title='bbox 903 3966 921 4012; x_wconf 94' lang='lat' dir='ltr'><strong>a</strong></span> <span class='ocrx_word' id='word_1_325' title='bbox 938 3949 1032 4012; x_wconf 90' lang='lat' dir='ltr'><strong>mini·</strong></span> 
     </span>
     <span class='ocr_line' id='line_1_38' title="bbox 243 4049 1029 4126; baseline 0.003 -15"><span class='ocrx_word' id='word_1_326' title='bbox 243 4049 319 4111; x_wconf 90' lang='lat' dir='ltr'><strong>stris</strong></span> <span class='ocrx_word' id='word_1_327' title='bbox 341 4049 587 4126; x_wconf 89' lang='lat' dir='ltr'><strong>imperatorum,</strong></span> <span class='ocrx_word' id='word_1_328' title='bbox 618 4056 648 4110; x_wconf 89' lang='lat' dir='ltr'><strong>et</strong></span> <span class='ocrx_word' id='word_1_329' title='bbox 672 4065 690 4111; x_wconf 92' lang='lat' dir='ltr'><strong>a</strong></span> <span class='ocrx_word' id='word_1_330' title='bbox 717 4050 863 4112; x_wconf 89' lang='lat' dir='ltr'><strong>Barbaris</strong></span> <span class='ocrx_word' id='word_1_331' title='bbox 885 4049 1029 4112; x_wconf 91' lang='lat' dir='ltr'><strong>vicissim</strong></span> 
     </span>
     <span class='ocr_line' id='line_1_39' title="bbox 244 4145 1030 4226; baseline 0.004 -19"><span class='ocrx_word' id='word_1_332' title='bbox 244 4147 411 4226; x_wconf 89' lang='lat' dir='ltr'><strong>oppressi,</strong></span> <span class='ocrx_word' id='word_1_333' title='bbox 429 4164 501 4208; x_wconf 87' lang='lat' dir='ltr'><strong>sese</strong></span> <span class='ocrx_word' id='word_1_334' title='bbox 526 4145 752 4226; x_wconf 81' lang='lat' dir='ltr'><strong>confugiebant</strong></span> <span class='ocrx_word' id='word_1_335' title='bbox 773 4150 813 4213; x_wconf 88' lang='lat' dir='ltr'><strong>ad</strong></span> <span class='ocrx_word' id='word_1_336' title='bbox 838 4147 957 4215; x_wconf 88' lang='lat' dir='ltr'><strong>Christi</strong></span> <span class='ocrx_word' id='word_1_337' title='bbox 981 4149 1030 4212; x_wconf 84' lang='lat' dir='ltr'><strong>vi-</strong></span> 
     </span>
     <span class='ocr_line' id='line_1_40' title="bbox 245 4247 793 4326; baseline 0.007 -18"><span class='ocrx_word' id='word_1_338' title='bbox 245 4247 364 4321; x_wconf 90' lang='lat' dir='ltr'><strong>carios,</strong></span> <span class='ocrx_word' id='word_1_339' title='bbox 383 4262 474 4308; x_wconf 92' lang='lat' dir='ltr'><strong>veros</strong></span> <span class='ocrx_word' id='word_1_340' title='bbox 490 4263 567 4309; x_wconf 88' lang='lat' dir='ltr'><strong>suos</strong></span> <span class='ocrx_word' id='word_1_341' title='bbox 586 4257 793 4326; x_wconf 89' lang='lat' dir='ltr'><strong>protectores.</strong></span> 
     </span>
    </p>

    <p class='ocr_par' dir='ltr' id='par_1_4' title="bbox 244 4346 1034 5626">
     <span class='ocr_line' id='line_1_41' title="bbox 284 4346 1030 4428; baseline 0.008 -20"><span class='ocrx_word' id='word_1_342' title='bbox 284 4346 492 4410; x_wconf 79' lang='lat' dir='ltr'><strong>barbarorum</strong></span> <span class='ocrx_word' id='word_1_343' title='bbox 516 4347 749 4410; x_wconf 84' lang='lat' dir='ltr'><strong>seseiavicem</strong></span> <span class='ocrx_word' id='word_1_344' title='bbox 778 4349 1030 4428; x_wconf 84' lang='lat' dir='ltr'><strong>propellentium</strong></span> 
     </span>
     <span class='ocr_line' id='line_1_42' title="bbox 245 4447 1031 4528; baseline 0.011 -21"><span class='ocrx_word' id='word_1_345' title='bbox 245 4447 431 4510; x_wconf 84' lang='lat' dir='ltr'><strong>invasiones</strong></span> <span class='ocrx_word' id='word_1_346' title='bbox 466 4454 654 4526; x_wconf 88' lang='lat' dir='ltr'><strong>potestatem</strong></span> <span class='ocrx_word' id='word_1_347' title='bbox 691 4448 890 4528; x_wconf 88' lang='lat' dir='ltr'><strong>imperialem</strong></span> <span class='ocrx_word' id='word_1_348' title='bbox 926 4450 1031 4516; x_wconf 89' lang='lat' dir='ltr'><strong>taliter</strong></span> 
     </span>
     <span class='ocr_line' id='line_1_43' title="bbox 245 4545 1032 4627; baseline 0.003 -19"><span class='ocrx_word' id='word_1_349' title='bbox 245 4545 434 4623; x_wconf 90' lang='lat' dir='ltr'><strong>diruerunt,</strong></span> <span class='ocrx_word' id='word_1_350' title='bbox 455 4553 490 4609; x_wconf 91' lang='lat' dir='ltr'><strong>ut</strong></span> <span class='ocrx_word' id='word_1_351' title='bbox 509 4545 570 4608; x_wconf 94' lang='lat' dir='ltr'><strong>ista</strong></span> <span class='ocrx_word' id='word_1_352' title='bbox 598 4545 772 4626; x_wconf 90' lang='lat' dir='ltr'><strong>nequidem</strong></span> <span class='ocrx_word' id='word_1_353' title='bbox 798 4563 900 4610; x_wconf 93' lang='lat' dir='ltr'><strong>uuum</strong></span> <span class='ocrx_word' id='word_1_354' title='bbox 916 4547 1032 4627; x_wconf 88' lang='lat' dir='ltr'><strong>pedem</strong></span> 
     </span>
     <span class='ocr_line' id='line_1_44' title="bbox 244 4646 1033 4726; baseline 0 -17"><span class='ocrx_word' id='word_1_355' title='bbox 244 4648 278 4710; x_wconf 89' lang='lat' dir='ltr'><strong>in</strong></span> <span class='ocrx_word' id='word_1_356' title='bbox 304 4647 393 4710; x_wconf 90' lang='lat' dir='ltr'><strong>ltalia</strong></span> <span class='ocrx_word' id='word_1_357' title='bbox 416 4655 570 4709; x_wconf 89' lang='lat' dir='ltr'><strong>servaret.</strong></span> <span class='ocrx_word' id='word_1_358' title='bbox 591 4647 775 4710; x_wconf 76' lang='lat' dir='ltr'><strong>Heresibus</strong></span> <span class='ocrx_word' id='word_1_359' title='bbox 800 4646 910 4710; x_wconf 86' lang='lat' dir='ltr'><strong>inlecti</strong></span> <span class='ocrx_word' id='word_1_360' title='bbox 934 4647 1033 4726; x_wconf 88' lang='lat' dir='ltr'><strong>pleri-</strong></span> 
     </span>
     <span class='ocr_line' id='line_1_45' title="bbox 246 4745 1033 4826; baseline 0.005 -20"><span class='ocrx_word' id='word_1_361' title='bbox 246 4761 310 4824; x_wconf 89' lang='lat' dir='ltr'><strong>que</strong></span> <span class='ocrx_word' id='word_1_362' title='bbox 339 4745 548 4824; x_wconf 88' lang='lat' dir='ltr'><strong>imperatores</strong></span> <span class='ocrx_word' id='word_1_363' title='bbox 583 4745 744 4826; x_wconf 89' lang='lat' dir='ltr'><strong>reliquum</strong></span> <span class='ocrx_word' id='word_1_364' title='bbox 779 4761 847 4807; x_wconf 84' lang='lat' dir='ltr'><strong>sum</strong></span> <span class='ocrx_word' id='word_1_365' title='bbox 879 4746 1033 4824; x_wconf 74' lang='lat' dir='ltr'><strong>potentie</strong></span> 
     </span>
     <span class='ocr_line' id='line_1_46' title="bbox 247 4843 1030 4924; baseline 0.001 -17"><span class='ocrx_word' id='word_1_366' title='bbox 247 4851 517 4924; x_wconf 88' lang='lat' dir='ltr'><strong>consumpserunt</strong></span> <span class='ocrx_word' id='word_1_367' title='bbox 533 4843 565 4905; x_wconf 91' lang='lat' dir='ltr'><strong>in</strong></span> <span class='ocrx_word' id='word_1_368' title='bbox 582 4844 841 4924; x_wconf 83' lang='lat' dir='ltr'><strong>dogmatizando,</strong></span> <span class='ocrx_word' id='word_1_369' title='bbox 860 4845 1030 4908; x_wconf 86' lang='lat' dir='ltr'><strong>Ecclesiam</strong></span> 
     </span>
     <span class='ocr_line' id='line_1_47' title="bbox 248 4941 1032 5024; baseline 0.001 -20"><span class='ocrx_word' id='word_1_370' title='bbox 248 4943 489 5022; x_wconf 89' lang='lat' dir='ltr'><strong>persequendo,</strong></span> <span class='ocrx_word' id='word_1_371' title='bbox 516 4942 655 5005; x_wconf 91' lang='lat' dir='ltr'><strong>schisma</strong></span> <span class='ocrx_word' id='word_1_372' title='bbox 688 4941 871 5006; x_wconf 88' lang='lat' dir='ltr'><strong>suscitando</strong></span> <span class='ocrx_word' id='word_1_373' title='bbox 895 4955 925 5006; x_wconf 93' lang='lat' dir='ltr'><strong>et</strong></span> <span class='ocrx_word' id='word_1_374' title='bbox 959 4962 1032 5024; x_wconf 51' lang='lat' dir='ltr'><strong>per*</strong></span> 
     </span>
     <span class='ocr_line' id='line_1_48' title="bbox 249 5043 1032 5122; baseline 0.001 -17"><span class='ocrx_word' id='word_1_375' title='bbox 249 5043 413 5122; x_wconf 88' lang='lat' dir='ltr'><strong>potrando.</strong></span> <span class='ocrx_word' id='word_1_376' title='bbox 430 5043 467 5104; x_wconf 90' lang='lat' dir='ltr'><strong>lu</strong></span> <span class='ocrx_word' id='word_1_377' title='bbox 483 5059 599 5106; x_wconf 91' lang='lat' dir='ltr'><strong>vanum</strong></span> <span class='ocrx_word' id='word_1_378' title='bbox 617 5059 673 5105; x_wconf 91' lang='lat' dir='ltr'><strong>eos</strong></span> <span class='ocrx_word' id='word_1_379' title='bbox 693 5043 780 5104; x_wconf 88' lang='lat' dir='ltr'><strong>Deus</strong></span> <span class='ocrx_word' id='word_1_380' title='bbox 801 5059 857 5120; x_wconf 90' lang='lat' dir='ltr'><strong>per</strong></span> <span class='ocrx_word' id='word_1_381' title='bbox 879 5043 1032 5106; x_wconf 87' lang='lat' dir='ltr'><strong>Barbaros</strong></span> 
     </span>
     <span class='ocr_line' id='line_1_49' title="bbox 249 5142 1032 5224; baseline -0.001 -19"><span class='ocrx_word' id='word_1_382' title='bbox 249 5142 442 5222; x_wconf 89' lang='lat' dir='ltr'><strong>castigabat,</strong></span> <span class='ocrx_word' id='word_1_383' title='bbox 468 5160 532 5207; x_wconf 92' lang='lat' dir='ltr'><strong>uon</strong></span> <span class='ocrx_word' id='word_1_384' title='bbox 567 5143 808 5208; x_wconf 81' lang='lat' dir='ltr'><strong>intellexerunt.</strong></span> <span class='ocrx_word' id='word_1_385' title='bbox 847 5143 1032 5224; x_wconf 90' lang='lat' dir='ltr'><strong>imperiales</strong></span> 
     </span>
     <span class='ocr_line' id='line_1_50' title="bbox 249 5243 1031 5324; baseline -0.001 -20"><span class='ocrx_word' id='word_1_386' title='bbox 249 5244 408 5305; x_wconf 87' lang='lat' dir='ltr'><strong>exereitus</strong></span> <span class='ocrx_word' id='word_1_387' title='bbox 423 5243 563 5307; x_wconf 79' lang='lat' dir='ltr'><strong>exomni</strong></span> <span class='ocrx_word' id='word_1_388' title='bbox 585 5245 719 5324; x_wconf 89' lang='lat' dir='ltr'><strong>partein</strong></span> <span class='ocrx_word' id='word_1_389' title='bbox 737 5244 825 5308; x_wconf 92' lang='lat' dir='ltr'><strong>ltalia</strong></span> <span class='ocrx_word' id='word_1_390' title='bbox 842 5244 917 5306; x_wconf 89' lang='lat' dir='ltr'><strong>victi</strong></span> <span class='ocrx_word' id='word_1_391' title='bbox 938 5250 1031 5318; x_wconf 93' lang='lat' dir='ltr'><strong>suut,</strong></span> 
     </span>
     <span class='ocr_line' id='line_1_51' title="bbox 247 5341 1032 5424; baseline 0.003 -20"><span class='ocrx_word' id='word_1_392' title='bbox 247 5341 441 5422; x_wconf 86' lang='lat' dir='ltr'><strong>Barbarique</strong></span> <span class='ocrx_word' id='word_1_393' title='bbox 464 5341 494 5404; x_wconf 89' lang='lat' dir='ltr'><strong>vi</strong></span> <span class='ocrx_word' id='word_1_394' title='bbox 516 5344 601 5424; x_wconf 82' lang='lat' dir='ltr'><strong>juris</strong></span> <span class='ocrx_word' id='word_1_395' title='bbox 625 5344 787 5408; x_wconf 80' lang='lat' dir='ltr'><strong>violentie</strong></span> <span class='ocrx_word' id='word_1_396' title='bbox 811 5343 952 5424; x_wconf 90' lang='lat' dir='ltr'><strong>bellique</strong></span> <span class='ocrx_word' id='word_1_397' title='bbox 979 5344 1032 5406; x_wconf 87' lang='lat' dir='ltr'><strong>ia-</strong></span> 
     </span>
     <span class='ocr_line' id='line_1_52' title="bbox 247 5439 1034 5526; baseline 0.003 -22"><span class='ocrx_word' id='word_1_398' title='bbox 247 5439 327 5526; x_wconf 85' lang='lat' dir='ltr'><strong>justi</strong></span> <span class='ocrx_word' id='word_1_399' title='bbox 352 5441 491 5506; x_wconf 92' lang='lat' dir='ltr'><strong>absoluti</strong></span> <span class='ocrx_word' id='word_1_400' title='bbox 523 5443 646 5508; x_wconf 90' lang='lat' dir='ltr'><strong>domiui</strong></span> <span class='ocrx_word' id='word_1_401' title='bbox 674 5446 797 5508; x_wconf 88' lang='lat' dir='ltr'><strong>inventi</strong></span> <span class='ocrx_word' id='word_1_402' title='bbox 822 5453 908 5509; x_wconf 88' lang='lat' dir='ltr'><strong>sunt.</strong></span> <span class='ocrx_word' id='word_1_403' title='bbox 934 5443 1034 5506; x_wconf 82' lang='lat' dir='ltr'><strong>ltaliae</strong></span> 
     </span>
     <span class='ocr_line' id='line_1_53' title="bbox 250 5541 1033 5626; baseline 0.009 -24"><span class='ocrx_word' id='word_1_404' title='bbox 250 5541 363 5620; x_wconf 92' lang='lat' dir='ltr'><strong>populi</strong></span> <span class='ocrx_word' id='word_1_405' title='bbox 389 5541 498 5608; x_wconf 86' lang='lat' dir='ltr'><strong>nullos</strong></span> <span class='ocrx_word' id='word_1_406' title='bbox 529 5545 807 5609; x_wconf 88' lang='lat' dir='ltr'><strong>babueruntalios</strong></span> <span class='ocrx_word' id='word_1_407' title='bbox 832 5563 928 5626; x_wconf 90' lang='lat' dir='ltr'><strong>quam</strong></span> <span class='ocrx_word' id='word_1_408' title='bbox 951 5563 1033 5626; x_wconf 90' lang='lat' dir='ltr'><strong>porr·</strong></span> 
     </span>
    </p>
   </div>
   <div class='ocr_carea' id='block_1_4' title="bbox 1083 2756 1874 4526">
    <p class='ocr_par' dir='ltr' id='par_1_5' title="bbox 1083 2756 1874 4526">
     <span class='ocr_line' id='line_1_54' title="bbox 1085 2756 1873 2836; baseline -0.008 -16"><span class='ocrx_word' id='word_1_409' title='bbox 1085 2756 1249 2836; x_wconf 77' lang='lat' dir='ltr'><strong>lacrymis.</strong></span> <span class='ocrx_word' id='word_1_410' title='bbox 1279 2758 1427 2820; x_wconf 89' lang='lat' dir='ltr'><strong>Creverat</strong></span> <span class='ocrx_word' id='word_1_411' title='bbox 1461 2772 1518 2835; x_wconf 87' lang='lat' dir='ltr'><strong>per</strong></span> <span class='ocrx_word' id='word_1_412' title='bbox 1546 2756 1811 2818; x_wconf 88' lang='lat' dir='ltr'><strong>devovimentum</strong></span> <span class='ocrx_word' id='word_1_413' title='bbox 1843 2757 1873 2815; x_wconf 90' lang='lat' dir='ltr'><strong>et</strong></span> 
     </span>
     <span class='ocr_line' id='line_1_55' title="bbox 1085 2853 1872 2936; baseline -0.008 -17"><span class='ocrx_word' id='word_1_414' title='bbox 1085 2855 1253 2929; x_wconf 83' lang='lat' dir='ltr'><strong>sacrificia,</strong></span> <span class='ocrx_word' id='word_1_415' title='bbox 1268 2853 1872 2936; x_wconf 82' lang='lat' dir='ltr'><strong>jamquetrecentosexsistentiaeeuuos</strong></span> 
     </span>
     <span class='ocr_line' id='line_1_56' title="bbox 1085 2953 1871 3038; baseline -0.011 -16"><span class='ocrx_word' id='word_1_416' title='bbox 1085 2974 1104 3022; x_wconf 87' lang='lat' dir='ltr'><strong>a</strong></span> <span class='ocrx_word' id='word_1_417' title='bbox 1129 2956 1236 3038; x_wconf 89' lang='lat' dir='ltr'><strong>quinti</strong></span> <span class='ocrx_word' id='word_1_418' title='bbox 1262 2956 1371 3019; x_wconf 85' lang='lat' dir='ltr'><strong>smculi</strong></span> <span class='ocrx_word' id='word_1_419' title='bbox 1391 2956 1467 3029; x_wconf 86' lang='lat' dir='ltr'><strong>bno,</strong></span> <span class='ocrx_word' id='word_1_420' title='bbox 1494 2963 1526 3018; x_wconf 87' lang='lat' dir='ltr'><strong>et</strong></span> <span class='ocrx_word' id='word_1_421' title='bbox 1549 2953 1746 3034; x_wconf 87' lang='lat' dir='ltr'><strong>quingentos</strong></span> <span class='ocrx_word' id='word_1_422' title='bbox 1773 2969 1871 3016; x_wconf 84' lang='lat' dir='ltr'><strong>anuos</strong></span> 
     </span>
     <span class='ocr_line' id='line_1_57' title="bbox 1086 3053 1872 3138; baseline -0.01 -18"><span class='ocrx_word' id='word_1_423' title='bbox 1086 3064 1239 3138; x_wconf 90' lang='lat' dir='ltr'><strong>tanquam</strong></span> <span class='ocrx_word' id='word_1_424' title='bbox 1256 3063 1347 3120; x_wconf 82' lang='lat' dir='ltr'><strong>terre</strong></span> <span class='ocrx_word' id='word_1_425' title='bbox 1368 3054 1548 3118; x_wconf 91' lang='lat' dir='ltr'><strong>dominium</strong></span> <span class='ocrx_word' id='word_1_426' title='bbox 1569 3053 1690 3116; x_wconf 90' lang='lat' dir='ltr'><strong>babens</strong></span> <span class='ocrx_word' id='word_1_427' title='bbox 1717 3069 1735 3116; x_wconf 86' lang='lat' dir='ltr'><strong>a</strong></span> <span class='ocrx_word' id='word_1_428' title='bbox 1760 3059 1872 3132; x_wconf 89' lang='lat' dir='ltr'><strong>quarto</strong></span> 
     </span>
     <span class='ocr_line' id='line_1_58' title="bbox 1085 3151 1874 3234; baseline -0.008 -16"><span class='ocrx_word' id='word_1_429' title='bbox 1085 3154 1204 3218; x_wconf 75' lang='lat' dir='ltr'><strong>seculo</strong></span> <span class='ocrx_word' id='word_1_430' title='bbox 1228 3153 1430 3230; x_wconf 86' lang='lat' dir='ltr'><strong>numerabat,</strong></span> <span class='ocrx_word' id='word_1_431' title='bbox 1457 3153 1587 3234; x_wconf 90' lang='lat' dir='ltr'><strong>quando</strong></span> <span class='ocrx_word' id='word_1_432' title='bbox 1615 3151 1874 3229; x_wconf 89' lang='lat' dir='ltr'><strong>aanooctingeu·</strong></span> 
     </span>
     <span class='ocr_line' id='line_1_59' title="bbox 1084 3247 1872 3330; baseline -0.008 -16"><span class='ocrx_word' id='word_1_433' title='bbox 1084 3251 1201 3316; x_wconf 88' lang='lat' dir='ltr'><strong>tesimo</strong></span> <span class='ocrx_word' id='word_1_434' title='bbox 1211 3250 1380 3330; x_wconf 87' lang='lat' dir='ltr'><strong>explicavit</strong></span> <span class='ocrx_word' id='word_1_435' title='bbox 1393 3267 1459 3314; x_wconf 87' lang='lat' dir='ltr'><strong>suae</strong></span> <span class='ocrx_word' id='word_1_436' title='bbox 1475 3250 1625 3328; x_wconf 76' lang='lat' dir='ltr'><strong>potentie</strong></span> <span class='ocrx_word' id='word_1_437' title='bbox 1639 3247 1872 3329; x_wconf 87' lang='lat' dir='ltr'><strong>plenitudinem</strong></span> 
     </span>
     <span class='ocr_line' id='line_1_60' title="bbox 1083 3350 1872 3436; baseline -0.006 -21"><span class='ocrx_word' id='word_1_438' title='bbox 1083 3369 1141 3436; x_wconf 87' lang='lat' dir='ltr'><strong>per</strong></span> <span class='ocrx_word' id='word_1_439' title='bbox 1162 3351 1375 3430; x_wconf 90' lang='lat' dir='ltr'><strong>potentiorem</strong></span> <span class='ocrx_word' id='word_1_440' title='bbox 1393 3350 1730 3430; x_wconf 82' lang='lat' dir='ltr'><strong>suprematiaactum3</strong></span> <span class='ocrx_word' id='word_1_441' title='bbox 1746 3356 1872 3414; x_wconf 77' lang='lat' dir='ltr'><strong>sandes</strong></span> 
     </span>
     <span class='ocr_line' id='line_1_61' title="bbox 1085 3449 1871 3534; baseline -0.004 -19"><span class='ocrx_word' id='word_1_442' title='bbox 1085 3453 1149 3515; x_wconf 89' lang='lat' dir='ltr'><strong>Leo</strong></span> <span class='ocrx_word' id='word_1_443' title='bbox 1161 3453 1204 3514; x_wconf 95' lang='lat' dir='ltr'><strong>lll</strong></span> <span class='ocrx_word' id='word_1_444' title='bbox 1217 3449 1871 3534; x_wconf 73' lang='lat' dir='ltr'><strong>Cerolomldaguumimperatoremliccle·</strong></span> 
     </span>
     <span class='ocr_line' id='line_1_62' title="bbox 1084 3549 1872 3616; baseline 0.001 -4"><span class='ocrx_word' id='word_1_445' title='bbox 1084 3549 1140 3614; x_wconf 82' lang='lat' dir='ltr'><strong>siae</strong></span> <span class='ocrx_word' id='word_1_446' title='bbox 1154 3549 1317 3616; x_wconf 78' lang='lat' dir='ltr'><strong>catholicae</strong></span> <span class='ocrx_word' id='word_1_447' title='bbox 1331 3550 1872 3614; x_wconf 82' lang='lat' dir='ltr'><strong>acdelensoremcreeritetooroaa·</strong></span> 
     </span>
     <span class='ocr_line' id='line_1_63' title="bbox 1085 3650 1872 3732; baseline -0.008 -16"><span class='ocrx_word' id='word_1_448' title='bbox 1085 3651 1143 3716; x_wconf 88' lang='lat' dir='ltr'><strong>vit.</strong></span> <span class='ocrx_word' id='word_1_449' title='bbox 1164 3653 1313 3714; x_wconf 89' lang='lat' dir='ltr'><strong>Sanctum</strong></span> <span class='ocrx_word' id='word_1_450' title='bbox 1328 3653 1506 3716; x_wconf 83' lang='lat' dir='ltr'><strong>Romanum</strong></span> <span class='ocrx_word' id='word_1_451' title='bbox 1524 3650 1699 3732; x_wconf 89' lang='lat' dir='ltr'><strong>imperium</strong></span> <span class='ocrx_word' id='word_1_452' title='bbox 1716 3656 1767 3712; x_wconf 88' lang='lat' dir='ltr'><strong>est</strong></span> <span class='ocrx_word' id='word_1_453' title='bbox 1782 3665 1872 3728; x_wconf 87' lang='lat' dir='ltr'><strong>pepa-</strong></span> 
     </span>
     <span class='ocr_line' id='line_1_64' title="bbox 1087 3749 1871 3832; baseline -0.003 -18"><span class='ocrx_word' id='word_1_454' title='bbox 1087 3770 1157 3815; x_wconf 88' lang='lat' dir='ltr'><strong>rum</strong></span> <span class='ocrx_word' id='word_1_455' title='bbox 1169 3769 1270 3832; x_wconf 86' lang='lat' dir='ltr'><strong>opus;</strong></span> <span class='ocrx_word' id='word_1_456' title='bbox 1286 3758 1426 3830; x_wconf 86' lang='lat' dir='ltr'><strong>potestas</strong></span> <span class='ocrx_word' id='word_1_457' title='bbox 1442 3761 1472 3814; x_wconf 91' lang='lat' dir='ltr'><strong>et</strong></span> <span class='ocrx_word' id='word_1_458' title='bbox 1486 3753 1657 3814; x_wconf 88' lang='lat' dir='ltr'><strong>auctoritas</strong></span> <span class='ocrx_word' id='word_1_459' title='bbox 1669 3749 1871 3830; x_wconf 84' lang='lat' dir='ltr'><strong>imperialisa</strong></span> 
     </span>
     <span class='ocr_line' id='line_1_65' title="bbox 1085 3849 1869 3930; baseline -0.003 -18"><span class='ocrx_word' id='word_1_460' title='bbox 1085 3867 1237 3930; x_wconf 89' lang='lat' dir='ltr'><strong>suprema</strong></span> <span class='ocrx_word' id='word_1_461' title='bbox 1262 3849 1463 3928; x_wconf 78' lang='lat' dir='ltr'><strong>pontificatus</strong></span> <span class='ocrx_word' id='word_1_462' title='bbox 1485 3849 1672 3913; x_wconf 88' lang='lat' dir='ltr'><strong>auctoritate</strong></span> <span class='ocrx_word' id='word_1_463' title='bbox 1695 3855 1869 3929; x_wconf 80' lang='lat' dir='ltr'><strong>promanat</strong></span> 
     </span>
     <span class='ocr_line' id='line_1_66' title="bbox 1085 3948 1871 4030; baseline -0.005 -18"><span class='ocrx_word' id='word_1_464' title='bbox 1085 3949 1282 4030; x_wconf 85' lang='lat' dir='ltr'><strong>Hujusmudi</strong></span> <span class='ocrx_word' id='word_1_465' title='bbox 1300 3965 1377 4012; x_wconf 89' lang='lat' dir='ltr'><strong>vero</strong></span> <span class='ocrx_word' id='word_1_466' title='bbox 1392 3965 1551 4028; x_wconf 81' lang='lat' dir='ltr'><strong>supremas</strong></span> <span class='ocrx_word' id='word_1_467' title='bbox 1565 3948 1766 4013; x_wconf 89' lang='lat' dir='ltr'><strong>auctoritatis</strong></span> <span class='ocrx_word' id='word_1_468' title='bbox 1784 3964 1871 4011; x_wconf 79' lang='lat' dir='ltr'><strong>exer·</strong></span> 
     </span>
     <span class='ocr_line' id='line_1_67' title="bbox 1086 4047 1869 4128; baseline -0.01 -13"><span class='ocrx_word' id='word_1_469' title='bbox 1086 4050 1201 4115; x_wconf 90' lang='lat' dir='ltr'><strong>citium</strong></span> <span class='ocrx_word' id='word_1_470' title='bbox 1224 4065 1357 4128; x_wconf 89' lang='lat' dir='ltr'><strong>scopum</strong></span> <span class='ocrx_word' id='word_1_471' title='bbox 1384 4047 1520 4112; x_wconf 88' lang='lat' dir='ltr'><strong>babebat</strong></span> <span class='ocrx_word' id='word_1_472' title='bbox 1543 4047 1737 4126; x_wconf 89' lang='lat' dir='ltr'><strong>populorum</strong></span> <span class='ocrx_word' id='word_1_473' title='bbox 1764 4055 1869 4126; x_wconf 89' lang='lat' dir='ltr'><strong>prote·</strong></span> 
     </span>
     <span class='ocr_line' id='line_1_68' title="bbox 1085 4148 1870 4226; baseline -0.01 -11"><span class='ocrx_word' id='word_1_474' title='bbox 1085 4148 1870 4226; x_wconf 71' lang='lat' dir='ltr'><strong>ctionemetsalutemAEcelesiequenecessariam</strong></span> 
     </span>
     <span class='ocr_line' id='line_1_69' title="bbox 1085 4247 1870 4334; baseline -0.006 -21"><span class='ocrx_word' id='word_1_475' title='bbox 1085 4248 1384 4330; x_wconf 90' lang='lat' dir='ltr'><strong>indeperrdentiam.</strong></span> <span class='ocrx_word' id='word_1_476' title='bbox 1406 4249 1487 4324; x_wconf 86' lang='lat' dir='ltr'><strong>Quia</strong></span> <span class='ocrx_word' id='word_1_477' title='bbox 1509 4264 1584 4312; x_wconf 88' lang='lat' dir='ltr'><strong>vero</strong></span> <span class='ocrx_word' id='word_1_478' title='bbox 1606 4247 1658 4310; x_wconf 93' lang='lat' dir='ltr'><strong>bic</strong></span> <span class='ocrx_word' id='word_1_479' title='bbox 1676 4254 1814 4334; x_wconf 86' lang='lat' dir='ltr'><strong>eventus</strong></span> <span class='ocrx_word' id='word_1_480' title='bbox 1830 4248 1870 4309; x_wconf 89' lang='lat' dir='ltr'><strong>sit</strong></span> 
     </span>
     <span class='ocr_line' id='line_1_70' title="bbox 1085 4349 1869 4432; baseline -0.003 -18"><span class='ocrx_word' id='word_1_481' title='bbox 1085 4369 1125 4414; x_wconf 80' lang='lat' dir='ltr'><strong>es</strong></span> <span class='ocrx_word' id='word_1_482' title='bbox 1157 4351 1333 4432; x_wconf 90' lang='lat' dir='ltr'><strong>majoribus</strong></span> <span class='ocrx_word' id='word_1_483' title='bbox 1366 4349 1527 4425; x_wconf 82' lang='lat' dir='ltr'><strong>historie,</strong></span> <span class='ocrx_word' id='word_1_484' title='bbox 1555 4365 1749 4428; x_wconf 87' lang='lat' dir='ltr'><strong>semperque</strong></span> <span class='ocrx_word' id='word_1_485' title='bbox 1778 4349 1869 4412; x_wconf 87' lang='lat' dir='ltr'><strong>iuro·</strong></span> 
     </span>
     <span class='ocr_line' id='line_1_71' title="bbox 1085 4447 1869 4526; baseline -0.004 -15"><span class='ocrx_word' id='word_1_486' title='bbox 1085 4455 1176 4511; x_wconf 91' lang='lat' dir='ltr'><strong>cetur</strong></span> <span class='ocrx_word' id='word_1_487' title='bbox 1198 4448 1267 4510; x_wconf 87' lang='lat' dir='ltr'><strong>sive</strong></span> <span class='ocrx_word' id='word_1_488' title='bbox 1287 4464 1343 4526; x_wconf 91' lang='lat' dir='ltr'><strong>per</strong></span> <span class='ocrx_word' id='word_1_489' title='bbox 1363 4449 1582 4520; x_wconf 90' lang='lat' dir='ltr'><strong>mendacium,</strong></span> <span class='ocrx_word' id='word_1_490' title='bbox 1601 4447 1671 4510; x_wconf 88' lang='lat' dir='ltr'><strong>sive</strong></span> <span class='ocrx_word' id='word_1_491' title='bbox 1694 4464 1751 4526; x_wconf 91' lang='lat' dir='ltr'><strong>per</strong></span> <span class='ocrx_word' id='word_1_492' title='bbox 1769 4447 1869 4510; x_wconf 90' lang='lat' dir='ltr'><strong>bisto-</strong></span> 
     </span>
    </p>
   </div>
   <div class='ocr_carea' id='block_1_5' title="bbox 1079 4527 1869 4622">
    <p class='ocr_par' dir='ltr' id='par_1_6' title="bbox 1079 4527 1869 4622">
     <span class='ocr_line' id='line_1_72' title="bbox 1079 4527 1869 4622; baseline -0.001 -11"><span class='ocrx_word' id='word_1_493' title='bbox 1079 4548 1186 4611; x_wconf 90' lang='lat' dir='ltr'><strong>ricam</strong></span> <span class='ocrx_word' id='word_1_494' title='bbox 1197 4547 1425 4622; x_wconf 84' lang='lat' dir='ltr'><strong>sinceritatem,</strong></span> <span class='ocrx_word' id='word_1_495' title='bbox 1443 4547 1536 4610; x_wconf 88' lang='lat' dir='ltr'><strong>nobis</strong></span> <span class='ocrx_word' id='word_1_496' title='bbox 1563 4546 1655 4610; x_wconf 90' lang='lat' dir='ltr'><strong>liceat</strong></span> <span class='ocrx_word' id='word_1_497' title='bbox 1671 4565 1745 4610; x_wconf 89' lang='lat' dir='ltr'><strong>eum</strong></span> <span class='ocrx_word' id='word_1_498' title='bbox 1769 4527 1869 4610; x_wconf 79' lang='lat' dir='ltr'><strong>fusius</strong></span> 
     </span>
    </p>
   </div>
   <div class='ocr_carea' id='block_1_6' title="bbox 1086 4648 1869 5628">
    <p class='ocr_par' dir='ltr' id='par_1_7' title="bbox 1086 4648 1869 5628">
     <span class='ocr_line' id='line_1_73' title="bbox 1086 4648 1869 4728; baseline -0.004 -13"><span class='ocrx_word' id='word_1_499' title='bbox 1086 4666 1214 4714; x_wconf 90' lang='lat' dir='ltr'><strong>narrare</strong></span> <span class='ocrx_word' id='word_1_500' title='bbox 1234 4665 1274 4712; x_wconf 86' lang='lat' dir='ltr'><strong>ex</strong></span> <span class='ocrx_word' id='word_1_501' title='bbox 1289 4648 1493 4712; x_wconf 90' lang='lat' dir='ltr'><strong>documentis</strong></span> <span class='ocrx_word' id='word_1_502' title='bbox 1510 4649 1542 4710; x_wconf 92' lang='lat' dir='ltr'><strong>iu</strong></span> <span class='ocrx_word' id='word_1_503' title='bbox 1564 4664 1662 4728; x_wconf 90' lang='lat' dir='ltr'><strong>opere</strong></span> <span class='ocrx_word' id='word_1_504' title='bbox 1675 4651 1714 4712; x_wconf 86' lang='lat' dir='ltr'><strong>b.</strong></span> <span class='ocrx_word' id='word_1_505' title='bbox 1730 4649 1869 4714; x_wconf 77' lang='lat' dir='ltr'><strong>liobrba·</strong></span> 
     </span>
     <span class='ocr_line' id='line_1_74' title="bbox 1086 4746 1868 4823; baseline -0.004 -12"><span class='ocrx_word' id='word_1_506' title='bbox 1086 4751 1180 4823; x_wconf 87' lang='lat' dir='ltr'><strong>eber,</strong></span> <span class='ocrx_word' id='word_1_507' title='bbox 1211 4747 1265 4812; x_wconf 85' lang='lat' dir='ltr'><strong>cui</strong></span> <span class='ocrx_word' id='word_1_508' title='bbox 1287 4746 1401 4810; x_wconf 87' lang='lat' dir='ltr'><strong>titulus</strong></span> <span class='ocrx_word' id='word_1_509' title='bbox 1427 4765 1435 4806; x_wconf 80' lang='lat' dir='ltr'><strong>r</strong></span> <span class='ocrx_word' id='word_1_510' title='bbox 1461 4748 1604 4811; x_wconf 81' lang='lat' dir='ltr'><strong>Histoire</strong></span> <span class='ocrx_word' id='word_1_511' title='bbox 1626 4749 1816 4810; x_wconf 70' lang='lat' dir='ltr'><strong>universalis</strong></span> <span class='ocrx_word' id='word_1_512' title='bbox 1835 4746 1868 4808; x_wconf 80' lang='lat' dir='ltr'><strong>de</strong></span> 
     </span>
     <span class='ocr_line' id='line_1_75' title="bbox 1087 4845 1684 4927; baseline 0 -18"><span class='ocrx_word' id='word_1_513' title='bbox 1087 4845 1216 4927; x_wconf 73' lang='lat' dir='ltr'><strong>l&#39;b&#39;plite</strong></span> <span class='ocrx_word' id='word_1_514' title='bbox 1236 4845 1427 4926; x_wconf 79' lang='lat' dir='ltr'><strong>celicolique,</strong></span> <span class='ocrx_word' id='word_1_515' title='bbox 1443 4854 1518 4924; x_wconf 76' lang='lat' dir='ltr'><strong>etc,</strong></span> <span class='ocrx_word' id='word_1_516' title='bbox 1537 4846 1594 4910; x_wconf 86' lang='lat' dir='ltr'><strong>lib.</strong></span> <span class='ocrx_word' id='word_1_517' title='bbox 1617 4866 1684 4912; x_wconf 83' lang='lat' dir='ltr'><strong>utu.</strong></span> 
     </span>
     <span class='ocr_line' id='line_1_76' title="bbox 1129 4943 1869 5024; baseline 0.003 -20"><span class='ocrx_word' id='word_1_518' title='bbox 1129 4943 1869 5024; x_wconf 76' lang='lat' dir='ltr'><strong>«lePapeEtienuell,enl&#39;an&#39;ldl,rmplorala</strong></span> 
     </span>
     <span class='ocr_line' id='line_1_77' title="bbox 1087 5043 1867 5125; baseline 0 -17"><span class='ocrx_word' id='word_1_519' title='bbox 1087 5062 1220 5110; x_wconf 89' lang='lat' dir='ltr'><strong>secours</strong></span> <span class='ocrx_word' id='word_1_520' title='bbox 1235 5043 1280 5107; x_wconf 91' lang='lat' dir='ltr'><strong>du</strong></span> <span class='ocrx_word' id='word_1_521' title='bbox 1292 5045 1341 5106; x_wconf 92' lang='lat' dir='ltr'><strong>roi</strong></span> <span class='ocrx_word' id='word_1_522' title='bbox 1356 5045 1456 5125; x_wconf 81' lang='lat' dir='ltr'><strong>Pdpin</strong></span> <span class='ocrx_word' id='word_1_523' title='bbox 1470 5053 1578 5108; x_wconf 91' lang='lat' dir='ltr'><strong>contre</strong></span> <span class='ocrx_word' id='word_1_524' title='bbox 1594 5045 1641 5108; x_wconf 91' lang='lat' dir='ltr'><strong>les</strong></span> <span class='ocrx_word' id='word_1_525' title='bbox 1657 5045 1867 5108; x_wconf 91' lang='lat' dir='ltr'><strong>Lombards...</strong></span> 
     </span>
     <span class='ocr_line' id='line_1_78' title="bbox 1087 5142 1869 5226; baseline -0.003 -18"><span class='ocrx_word' id='word_1_526' title='bbox 1087 5145 1196 5208; x_wconf 87' lang='lat' dir='ltr'><strong>Citous</strong></span> <span class='ocrx_word' id='word_1_527' title='bbox 1211 5144 1240 5207; x_wconf 91' lang='lat' dir='ltr'><strong>le</strong></span> <span class='ocrx_word' id='word_1_528' title='bbox 1252 5145 1420 5226; x_wconf 80' lang='lat' dir='ltr'><strong>jugement</strong></span> <span class='ocrx_word' id='word_1_529' title='bbox 1436 5143 1511 5207; x_wconf 81' lang='lat' dir='ltr'><strong>d&#39;un</strong></span> <span class='ocrx_word' id='word_1_530' title='bbox 1524 5150 1639 5206; x_wconf 90' lang='lat' dir='ltr'><strong>auteur</strong></span> <span class='ocrx_word' id='word_1_531' title='bbox 1653 5142 1792 5226; x_wconf 71' lang='lat' dir='ltr'><strong>franceis</strong></span> <span class='ocrx_word' id='word_1_532' title='bbox 1802 5143 1869 5225; x_wconf 88' lang='lat' dir='ltr'><strong>jus·</strong></span> 
     </span>
     <span class='ocr_line' id='line_1_79' title="bbox 1087 5243 1867 5326; baseline -0.005 -18"><span class='ocrx_word' id='word_1_533' title='bbox 1087 5253 1207 5308; x_wconf 91' lang='lat' dir='ltr'><strong>temeut</strong></span> <span class='ocrx_word' id='word_1_534' title='bbox 1221 5246 1347 5310; x_wconf 77' lang='lat' dir='ltr'><strong>celebre</strong></span> <span class='ocrx_word' id='word_1_535' title='bbox 1364 5263 1418 5325; x_wconf 92' lang='lat' dir='ltr'><strong>par</strong></span> <span class='ocrx_word' id='word_1_536' title='bbox 1433 5243 1463 5309; x_wconf 92' lang='lat' dir='ltr'><strong>la</strong></span> <span class='ocrx_word' id='word_1_537' title='bbox 1477 5261 1604 5326; x_wconf 85' lang='lat' dir='ltr'><strong>sogesse</strong></span> <span class='ocrx_word' id='word_1_538' title='bbox 1621 5245 1660 5308; x_wconf 88' lang='lat' dir='ltr'><strong>de</strong></span> <span class='ocrx_word' id='word_1_539' title='bbox 1685 5262 1739 5306; x_wconf 89' lang='lat' dir='ltr'><strong>ses</strong></span> <span class='ocrx_word' id='word_1_540' title='bbox 1764 5261 1842 5310; x_wconf 91' lang='lat' dir='ltr'><strong>vues</strong></span> <span class='ocrx_word' id='word_1_541' title='bbox 1859 5264 1867 5304; x_wconf 75' lang='grc' dir='ltr'>ι</span> 
     </span>
     <span class='ocr_line' id='line_1_80' title="bbox 1088 5346 1868 5448; baseline 0.003 -42"><span class='ocrx_word' id='word_1_542' title='bbox 1088 5369 1103 5406; x_wconf 77' lang='lat' dir='ltr'><strong>a</strong></span> <span class='ocrx_word' id='word_1_543' title='bbox 1120 5346 1149 5408; x_wconf 91' lang='lat' dir='ltr'><strong>ll</strong></span> <span class='ocrx_word' id='word_1_544' title='bbox 1163 5353 1210 5408; x_wconf 82' lang='lat' dir='ltr'><strong>est</strong></span> <span class='ocrx_word' id='word_1_545' title='bbox 1230 5346 1362 5448; x_wconf 72' lang='lat' dir='ltr'><strong>drideret²</strong></span> <span class='ocrx_word' id='word_1_546' title='bbox 1375 5347 1422 5410; x_wconf 88' lang='lat' dir='ltr'><strong>dit</strong></span> <span class='ocrx_word' id='word_1_547' title='bbox 1440 5347 1469 5411; x_wconf 91' lang='lat' dir='ltr'><strong>le</strong></span> <span class='ocrx_word' id='word_1_548' title='bbox 1484 5349 1575 5411; x_wconf 91' lang='lat' dir='ltr'><strong>docte</strong></span> <span class='ocrx_word' id='word_1_549' title='bbox 1603 5349 1636 5408; x_wconf 87' lang='lat' dir='ltr'><strong>P.</strong></span> <span class='ocrx_word' id='word_1_550' title='bbox 1660 5347 1868 5422; x_wconf 86' lang='lat' dir='ltr'><strong>Thomassiu,</strong></span> 
     </span>
     <span class='ocr_line' id='line_1_81' title="bbox 1088 5445 1869 5527; baseline -0.003 -17"><span class='ocrx_word' id='word_1_551' title='bbox 1088 5451 1117 5510; x_wconf 77' lang='lat'><strong>1⁰</strong></span> <span class='ocrx_word' id='word_1_552' title='bbox 1132 5465 1189 5527; x_wconf 77' lang='lat' dir='ltr'><strong>qao</strong></span> <span class='ocrx_word' id='word_1_553' title='bbox 1204 5445 1231 5508; x_wconf 83' lang='lat' dir='ltr'><strong>le</strong></span> <span class='ocrx_word' id='word_1_554' title='bbox 1241 5447 1326 5527; x_wconf 84' lang='lat' dir='ltr'><strong>Pope</strong></span> <span class='ocrx_word' id='word_1_555' title='bbox 1340 5447 1525 5526; x_wconf 80' lang='lat' dir='ltr'><strong>qoueernoit</strong></span> <span class='ocrx_word' id='word_1_556' title='bbox 1538 5455 1607 5510; x_wconf 83' lang='lat' dir='ltr'><strong>tout</strong></span> <span class='ocrx_word' id='word_1_557' title='bbox 1619 5447 1717 5512; x_wconf 79' lang='lat' dir='ltr'><strong>tdtav</strong></span> <span class='ocrx_word' id='word_1_558' title='bbox 1731 5448 1869 5510; x_wconf 80' lang='lat' dir='ltr'><strong>delicere</strong></span> 
     </span>
     <span class='ocr_line' id='line_1_82' title="bbox 1089 5545 1867 5628; baseline -0.003 -20"><span class='ocrx_word' id='word_1_559' title='bbox 1089 5555 1116 5608; x_wconf 84' lang='lat' dir='ltr'><strong>ct</strong></span> <span class='ocrx_word' id='word_1_560' title='bbox 1134 5545 1170 5608; x_wconf 81' lang='lat' dir='ltr'><strong>de</strong></span> <span class='ocrx_word' id='word_1_561' title='bbox 1183 5545 1368 5620; x_wconf 79' lang='lat' dir='ltr'><strong>l&#39;eaearcltet,</strong></span> <span class='ocrx_word' id='word_1_562' title='bbox 1381 5545 1577 5608; x_wconf 85' lang='lat' dir='ltr'><strong>c&#39;esl-d·dire</strong></span> <span class='ocrx_word' id='word_1_563' title='bbox 1591 5545 1628 5608; x_wconf 86' lang='lat' dir='ltr'><strong>tle</strong></span> <span class='ocrx_word' id='word_1_564' title='bbox 1646 5565 1679 5608; x_wconf 88' lang='lat' dir='ltr'><strong>ce</strong></span> <span class='ocrx_word' id='word_1_565' title='bbox 1692 5548 1748 5628; x_wconf 84' lang='lat' dir='ltr'><strong>qui</strong></span> <span class='ocrx_word' id='word_1_566' title='bbox 1760 5546 1867 5608; x_wconf 77' lang='lat' dir='ltr'><strong>recinit</strong></span> 
     </span>
    </p>
   </div>
   <div class='ocr_carea' id='block_1_7' title="bbox 249 5639 1869 5832">
    <p class='ocr_par' dir='ltr' id='par_1_8' title="bbox 249 5639 1869 5832">
     <span class='ocr_line' id='line_1_83' title="bbox 249 5639 1869 5730; baseline 0.004 -28"><span class='ocrx_word' id='word_1_567' title='bbox 249 5639 369 5719; x_wconf 87' lang='lat' dir='ltr'><strong>tillces,</strong></span> <span class='ocrx_word' id='word_1_568' title='bbox 385 5645 442 5726; x_wconf 92' lang='lat' dir='ltr'><strong>qui</strong></span> <span class='ocrx_word' id='word_1_569' title='bbox 466 5661 522 5710; x_wconf 90' lang='lat' dir='ltr'><strong>eos</strong></span> <span class='ocrx_word' id='word_1_570' title='bbox 538 5652 739 5728; x_wconf 87' lang='lat' dir='ltr'><strong>protegerent</strong></span> <span class='ocrx_word' id='word_1_571' title='bbox 754 5662 789 5709; x_wconf 92' lang='lat' dir='ltr'><strong>ae</strong></span> <span class='ocrx_word' id='word_1_572' title='bbox 802 5645 1032 5722; x_wconf 86' lang='lat' dir='ltr'><strong>defenderent,</strong></span> <span class='ocrx_word' id='word_1_573' title='bbox 1089 5667 1199 5711; x_wconf 84' lang='lat' dir='ltr'><strong>encore</strong></span> <span class='ocrx_word' id='word_1_574' title='bbox 1215 5667 1287 5710; x_wconf 85' lang='lat' dir='ltr'><strong>roca</strong></span> <span class='ocrx_word' id='word_1_575' title='bbox 1310 5647 1448 5728; x_wconf 84' lang='lat' dir='ltr'><strong>l&#39;cmpire</strong></span> <span class='ocrx_word' id='word_1_576' title='bbox 1467 5649 1504 5710; x_wconf 82' lang='lat' dir='ltr'><strong>de</strong></span> <span class='ocrx_word' id='word_1_577' title='bbox 1519 5647 1792 5730; x_wconf 80' lang='lat' dir='ltr'><strong>Canetontinople.</strong></span> <span class='ocrx_word' id='word_1_578' title='bbox 1809 5646 1869 5712; x_wconf 82' lang='lat' dir='ltr'><strong>C&#39;e&#39;·</strong></span> 
     </span>
     <span class='ocr_line' id='line_1_84' title="bbox 251 5745 1868 5832; baseline 0.005 -30"><span class='ocrx_word' id='word_1_579' title='bbox 251 5755 428 5828; x_wconf 71' lang='lat' dir='ltr'><strong>cornumque</strong></span> <span class='ocrx_word' id='word_1_580' title='bbox 451 5746 596 5812; x_wconf 83' lang='lat' dir='ltr'><strong>civitates</strong></span> <span class='ocrx_word' id='word_1_581' title='bbox 616 5763 649 5811; x_wconf 91' lang='lat' dir='ltr'><strong>ac</strong></span> <span class='ocrx_word' id='word_1_582' title='bbox 673 5745 885 5828; x_wconf 86' lang='lat' dir='ltr'><strong>proprietates</strong></span> <span class='ocrx_word' id='word_1_583' title='bbox 907 5767 924 5812; x_wconf 86' lang='lat' dir='ltr'><strong>o</strong></span> <span class='ocrx_word' id='word_1_584' title='bbox 948 5747 1033 5815; x_wconf 88' lang='lat' dir='ltr'><strong>dire·</strong></span> <span class='ocrx_word' id='word_1_585' title='bbox 1089 5751 1148 5814; x_wconf 88' lang='lat' dir='ltr'><strong>tait</strong></span> <span class='ocrx_word' id='word_1_586' title='bbox 1165 5749 1209 5812; x_wconf 85' lang='lat' dir='ltr'><strong>lui</strong></span> <span class='ocrx_word' id='word_1_587' title='bbox 1228 5751 1283 5832; x_wconf 86' lang='lat' dir='ltr'><strong>qui</strong></span> <span class='ocrx_word' id='word_1_588' title='bbox 1305 5751 1412 5830; x_wconf 75' lang='lat' dir='ltr'><strong>saisivit</strong></span> <span class='ocrx_word' id='word_1_589' title='bbox 1441 5753 1470 5810; x_wconf 85' lang='lat' dir='ltr'><strong>lo</strong></span> <span class='ocrx_word' id='word_1_590' title='bbox 1491 5751 1581 5830; x_wconf 73' lang='lat' dir='ltr'><strong>puis,</strong></span> <span class='ocrx_word' id='word_1_591' title='bbox 1608 5750 1663 5828; x_wconf 85' lang='lat' dir='ltr'><strong>qui</strong></span> <span class='ocrx_word' id='word_1_592' title='bbox 1680 5750 1790 5830; x_wconf 73' lang='lat' dir='ltr'><strong>paverit</strong></span> <span class='ocrx_word' id='word_1_593' title='bbox 1808 5765 1868 5810; x_wconf 81' lang='lat' dir='ltr'><strong>oux</strong></span> 
     </span>
    </p>
   </div>
   <div class='ocr_carea' id='block_1_8' title="bbox 0 0 2034 6452">
    <p class='ocr_par' dir='ltr' id='par_1_9' title="bbox 0 0 2034 6452">
     <span class='ocr_line' id='line_1_85' title="bbox 0 0 2034 6452; baseline 0 0"><span class='ocrx_word' id='word_1_594' title='bbox 0 0 2034 6452; x_wconf 95' lang='lat' dir='ltr'><strong> </strong></span> 
     </span>
    </p>
   </div>
  </div>
 </body>
</html>
