4098 6448
287 359 358 430 toti
837 353 951 420 sums
968 349 1148 418 senonici
1164 351 1428 418 converterunt.
1854 355 1925 424 tots

290 471 452 558 pontiiice,
477 468 624 550 adeoque
643 463 735 530 feriri
765 463 824 530 bac
840 480 977 530 censure
996 479 1074 545 pos·
1131 459 1165 524 in
1184 460 1328 543 scriptis,
1346 471 1380 527 et
1401 460 1541 544 exprimi
1571 461 1617 526 ibi
1636 479 1732 528 carrea
1763 463 1806 528 ob
1824 483 1924 547 quam

288 580 378 645 sunt,
396 573 425 634 1.
442 567 606 648 Episcopi,
620 565 677 628 sed
706 565 739 626 bi
755 563 887 645 qnnndo
910 563 1077 625 decretum
1127 562 1327 646 imponitur,
1359 569 1560 647 insuperque
1598 568 1851 631 instrumentum
1865 570 1926 634 de-

287 668 515 754 suspensionis
545 674 594 730 est
610 664 805 740 universale,
828 662 887 726 illo
909 679 975 727 non
990 677 1078 724 com·
1128 663 1182 726 bet
1210 666 1279 728 deri
1318 682 1508 745 suspenso,
1537 665 1566 728 si
1605 665 1687 730 illud
1727 668 1927 748 expostulet.
2046 709 2047 712 =

288 770 546 857 prebendmuur,
585 767 650 831 nisi
672 765 810 846 deipsis
841 765 894 828 fiat
923 777 1078 844 expresse
1129 763 1262 844 (Arge.
1279 765 1357 830 Cum
1375 766 1575 830 medicinalis
1591 771 1620 844 1,
1636 768 1778 830 iissent.
1803 786 1927 832 cesum.

287 872 421 937 mentio.
452 869 500 950 (C.
534 865 617 944 Quia
647 863 862 946 periculosum
893 862 1077 937 nossent.
1129 863 1163 926 in
1188 866 1219 926 6.
1234 863 1244 946 )
1259 865 1354 941 Quod
1376 865 1403 928 si
1418 866 1520 946 judex
1547 867 1630 932 bane
1655 870 1928 932 constitutionem

288 990 409 1037 eccum.
440 970 474 1033 in
504 967 549 1050 b.)
581 967 728 1030 tetidem
759 975 890 1029 curetur
913 965 954 1026 de
976 961 1079 1025 inter·
1129 972 1250 1030 temere
1287 966 1406 1042 violet,
1436 986 1494 1048 per
1522 985 1669 1034 mensem
1697 973 1738 1034 ab
1771 968 1930 1050 ingressu

288 1073 387 1147 dictor
421 1085 518 1151 porro
558 1066 731 1149 privilegio
771 1065 835 1130 islo
870 1062 1073 1144 probabilius
1129 1065 1287 1144 ecclesie,
1317 1075 1349 1132 et
1360 1067 1473 1132 officiis
1496 1069 1618 1132 diuinis
1651 1071 1725 1150 ipso
1746 1070 1823 1150 jure
1845 1087 1925 1132 sus·

286 1173 428 1256 gaudent
453 1169 550 1233 etiem
572 1166 718 1249 episcopi
749 1164 856 1230 solnm
887 1160 1076 1237 confirmati,
1129 1166 1298 1245 penditurs
1332 1169 1483 1244 superior
1507 1187 1586 1234 rero
1605 1171 1645 1234 ad
1672 1189 1771 1252 quem
1807 1191 1928 1237 recur-

287 1291 353 1338 non
380 1269 570 1336 consecrati.
592 1303 631 1316 -
652 1269 685 1332 2.
715 1267 820 1332 lieriri
850 1283 985 1330 censura
1016 1263 1076 1326 bae
1135 1267 1230 1346 ritnr,
1257 1271 1451 1334 sententium
1480 1271 1554 1335 sine
1569 1271 1757 1338 difficultate
1778 1274 1928 1338 relaxare

286 1380 424 1456 possunt
436 1371 595 1452 religiosi,
615 1369 645 1432 si
662 1367 772 1433 clerici
789 1369 867 1444 sint,
888 1373 920 1430 ει
936 1365 1071 1446 primam
1127 1367 1235 1443 debet,
1250 1379 1281 1434 et
1297 1372 1432 1436 latorem
1459 1375 1690 1456 suspensionis
1705 1377 1745 1440 ad
1763 1393 1928 1457 expensas

287 1474 401 1538 sellem
416 1479 581 1536 tonsuram
599 1469 747 1545 habesne
766 1485 839 1532 num
855 1468 883 1530 si
900 1467 994 1530 istam
1007 1481 1073 1528 nou
1127 1476 1161 1534 et
1174 1484 1271 1534 omne
1295 1470 1455 1538 interesse
1482 1475 1716 1551 condemnere,
1739 1485 1836 1558 atque
1863 1476 1929 1540 alia

286 1573 435 1650 habeant,
461 1572 559 1652 liujus
574 1587 720 1633 censurae
746 1585 878 1649 cepeces
902 1583 967 1630 non
982 1575 1072 1628 sunt.
1127 1568 1406 1637 aninirdversione
1421 1575 1582 1656 condigna
1595 1577 1724 1656 punire.
1743 1578 1776 1640 Si
1793 1577 1842 1640 sie
1854 1595 1929 1640 sus·

286 1711 325 1724 ·-
340 1675 370 1738 3.
383 1672 544 1752 suspendi
555 1677 658 1751 potest
673 1670 887 1734 communitas
904 1666 1074 1737 clericuliss
1127 1666 1226 1744 pensi
1244 1667 1410 1733 celebrant
1424 1679 1460 1734 ut
1482 1672 1586 1752 prius,
1607 1673 1697 1737 liunt'
1713 1673 1927 1754 irregulares;

287 1783 320 1840 et
338 1775 399 1838 boo
414 1787 525 1836 serum
542 1779 590 1833 est
611 1769 680 1834 sive
695 1774 869 1850 spectetur,
884 1775 919 1831 ut
934 1774 985 1830 εει
1001 1765 1073 1830 talis
1127 1783 1188 1832 neo
1204 1769 1417 1836 absolvuntur
1439 1775 1479 1838 ab
1495 1773 1561 1838 elio
1588 1792 1684 1857 quam
1704 1792 1721 1839 a
1742 1791 1841 1858 papa,
1871 1762 1929 1857 ic·

287 1873 517 1944 communitas,
543 1869 613 1932 nire
637 1867 745 1948 quoad
778 1883 931 1948 personas
956 1866 1071 1948 siugu-
1127 1865 1205 1928 Cum
1216 1868 1411 1934 medicinalis
1431 1873 1500 1954 cit.)

290 1977 400 2050 leres;
427 1976 620 2051 exstantque
635 1969 745 2049 plnres
763 1967 924 2050 ejusmodi
939 1983 1077 2048 suspen·
1182 1965 1196 2039 5
1215 1967 1303 2024 lll.·-
1317 1969 1392 2036 Quor
1417 1973 1532 2030 effeetus
1565 1973 1666 2032 baben
1695 1976 1855 2048 suspensio.

288 2075 400 2136 siones
429 2071 561 2152 injure.
594 2069 699 2133 Semel
734 2083 916 2148 suspensus
956 2068 1075 2130 iterum
1167 2063 1933 2150 llicsuspscsiocsconspicio-Potestsuspen.

288 2177 395 2256 potest
417 2168 586 2251 suspendi,
615 2184 681 2230 nou
707 2167 814 2231 solum
850 2165 982 2247 quando
1005 2180 1079 2229 sus·
1126 2160 1177 2225 sio
1199 2163 1239 2226 ab
1253 2163 1358 2228 officio
1383 2166 1529 2232 obsolute
1552 2168 1644 2246 ferri,
1669 2179 1701 2236 et
1722 2177 1828 2251 potest
1849 2167 1929 2234 terri

288 2273 463 2356 pensiones
480 2279 557 2334 sunt
580 2269 731 2345 diversae,
759 2268 816 2330 sed
838 2266 1077 2350 etiamquando
1127 2279 1191 2325 non
1207 2263 1367 2341 obsolute,
1385 2267 1442 2330 sed
1464 2267 1677 2334 determinate
1709 2273 1747 2334 ad
1781 2273 1927 2353 aliquam

289 2382 368 2440 sunt
394 2373 538 2454 eiusdem
580 2369 730 2446 rationis,
756 2368 785 2432 si
818 2367 1076 2447 multiplicentur
1127 2364 1412 2442 meterism3siiur
1439 2369 1576 2432 seeundo
1595 2370 1686 2432 modo
1709 2373 1848 2452 feretur,
1868 2389 1928 2436 ex·

287 2492 393 2540 causas
406 2483 437 2537 et
456 2470 555 2547 tituli,
576 2473 660 2534 sicut
674 2472 714 2534 de
742 2467 1076 2533 excommunicatione
1126 2461 1271 2526 traillam
1279 2468 1444 2530 materiam
1457 2470 1930 2552 nonextenditirr31quiapmue

289 2579 411 2642 dietum
429 2581 509 2658 est.»
536 2573 597 2654 (ld.
620 2571 698 2636 ibid.
714 2587 748 2634 n.
765 2568 824 2632 iil
840 2577 868 2631 ct
882 2567 985 2649 seqq.)
1127 2577 1192 2626 non
1204 2566 1501 2631 suntextendendm
1512 2568 1774 2634 ullrnserborum
1786 2573 1932 2652 proprie-

329 2677 368 2736 ν.
386 2672 430 2735 Ob
448 2689 540 2751 quum
560 2685 686 2731 oausam
713 2665 879 2744 suspensio
897 2662 1078 2742 ineliqucm
1127 2669 1236 2737 tatem,
1258 2669 1290 2726 et
1314 2664 1575 2746 bincsuspensus
1589 2671 1629 2733 nb
1644 2669 1761 2734 ordine
1780 2672 1929 2738 sinealia

281 2773 370 2858 ferri
403 2771 519 2851 possit.
553 2799 591 2814 —-
626 2766 667 2829 Ut
704 2761 921 2827 communiter
960 2757 1075 2829 fertur.
1129 2759 1556 2844 limitationepotestomnes
1574 2779 1664 2836 ectus
1681 2773 1928 2853 jurisdictionis

283 2887 439 2954 nequeo
469 2868 583 2950 judice
614 2867 657 2930 ob
679 2864 809 2943 culpem
846 2861 952 2925 leuem
986 2858 1076 2922 intli·
1128 2867 1625 2946 exercere,qninotualemusum
1653 2872 1856 2938 ordinisnou
1883 2891 1933 2937 re·

291 2976 394 3058 gitur,
417 2989 525 3054 neque
555 2970 589 3032 in
620 2967 695 3049 jure
739 2964 942 3028 obesmdem
974 2962 1075 3025 solam
1129 2965 1721 3052 quirunt.Consequenterepiscopus
1742 2992 1930 3055 suspensus

283 3074 440 3155 »imposita
456 3077 517 3136 est.
532 3072 578 3133 lta
595 3067 702 3132 verior
716 3063 888 3128 sententie.
913 3062 1006 3124 Ratio
1017 3068 1078 3137 est,
1128 3068 1293 3132 abordine
1306 3077 1551 3152 tsntnmpoiest
1565 3071 1822 3153 delegare'alteri
1843 3083 1933 3156 pote.

294 3174 370 3253 quia
397 3169 573 3250 suspensio
590 3185 631 3232 ex
644 3184 679 3230 se
696 3181 793 3246 graue
821 3164 943 3226 malum
971 3169 1031 3234 est,
1047 3167 1078 3223 et
1130 3175 1242 3231 statem
1255 3169 1457 3247 absoluendi,
1472 3172 1620 3253 quamuis
1633 3173 1704 3254 ipse
1720 3175 1836 3240 audire
1854 3194 1933 3241 oon-

292 3277 531 3352 oonsequenter
559 3283 688 3348 gravem
728 3264 854 3343 culpem
895 3277 1079 3341 supponere
1129 3265 1302 3344 iussiones,
1325 3277 1383 3334 eta
1408 3271 1548 3351 peccatis
1574 3271 1742 3338 absolvere
1773 3283 1930 3356 nequeat.

285 3369 556 3456 debet-libi,
582 3366 837 3429 uteommcnitsr
862 3365 981 3444 fertur:
1002 3377 1076 3425 nem
1169 3369 1339 3449 supensus
1376 3371 1416 3433 ab
1451 3371 1567 3436 ordine
1606 3373 1783 3454 episcopali
1823 3383 1930 3456 potest

287 3472 433 3552 aliquam
468 3466 722 3548 suspensionem
751 3465 791 3527 ed
825 3465 921 3527 breve
950 3473 1080 3542 tempus
1131 3475 1237 3532 temen
1269 3488 1420 3535 exercere
1455 3472 1621 3553 actusqui
1649 3472 1726 3554 jure
1759 3473 1930 3538 ordinario

291 3569 458 3654 probabile
495 3576 545 3632 εει
577 3585 595 3632 e
632 3565 743 3649 iudico
771 3564 877 3644 infligi
918 3579 1014 3644 posse
1039 3561 1081 3624 oh
1134 3570 1356 3634 sacerdotibus
1379 3583 1573 3654 competere,
1605 3571 1739 3638 uelsine
1760 3573 1931 3655 pontifica-

288 3675 418 3756 culpam
442 3673 560 3746 lesem,
581 3676 616 3734 ut
636 3667 769 3749 plurimi
792 3666 941 3730 doctores
956 3669 1078 3728 notent.
1132 3669 1218 3735 libus
1240 3671 1384 3736 exerceri
1410 3681 1558 3752 possunt.

291 3772 525 3854 ·S¹¹⁸ll⁰¹l⁵i⁰
555 3771 588 3834 5⁰
612 3769 755 3848 filiium
793 3766 870 3830 felii
896 3763 1010 3845 ni‘lull
1039 3761 1081 3826 Οἵ)
1171 3775 1357 3854 Suspensus
1379 3772 1419 3837 ab
1435 3775 1550 3839 ordine
1569 3774 1741 3858 superiore
1762 3791 1832 3840 non
1850 3775 1928 3840 iden

292 3875 419 3956 culpam
445 3872 596 3937 ellonem.
625 3867 799 3949 Colligitur
813 3883 852 3928 ex
866 3883 895 3930 c.
910 3865 995 3928 Sntis
1008 3879 1083 3944 pcr-
1133 3887 1314 3950 suspensus
1341 3879 1390 3936 est
1405 3872 1444 3936 ab
1457 3873 1571 3936 ordine
1594 3873 1763 3939 interiore.
1783 3877 1929 3956 Suspen-

290 3994 414 4042 vmttm
432 3976 463 4049 ’ἴε
479 3971 553 4035 disi·
573 3971 624 4044 5⁶·
654 3974 687 4032 θῑ
709 3984 777 4046 cap.
808 3965 1033 4047 &immitti
1048 3964 1080 4038 22
1133 3989 1190 4036 sus
1208 3972 1248 4037 ub
1267 3974 1382 4038 ordine
1409 3973 1577 4049 inferiore,
1609 3993 1673 4038 non
1707 3977 1830 4040 obinde
1853 3993 1930 4058 pro-

292 4075 337 4136 Ds
348 4079 463 4146 censis
478 4075 519 4132 ex
539 4086 566 4132 o.
582 4066 733 4143 Quoesicit
745 4066 776 4140 ι,
796 4065 838 4126 Dc
854 4065 903 4126 liis
918 4081 984 4142 qun
1003 4062 1083 4143 fiunt
1134 4072 1265 4137 bibetur
1278 4074 1317 4136 nb
1328 4075 1480 4139 exercitio
1496 4077 1621 4140 ordinis
1650 4075 1845 4156 superioris,
1863 4077 1929 4141 uisi

289 4195 313 4238 u
327 4174 401 4254 maj.
415 4179 500 4252 port.
514 4169 613 4247 sopit.
629 4169 723 4231 ilatio
744 4173 805 4241 est,
823 4165 900 4246 quia
928 4164 1080 4243 iniquum
1135 4180 1224 4236 aelus
1244 4174 1337 4237 istius
1351 4183 1456 4238 uotum
1480 4176 1606 4239 ordinis
1626 4174 1806 4254 inferioris,
1827 4193 1930 4259 equo

289 4280 346 4340 esi
380 4275 587 4334 ἱῠΰῡῦθΰῑθω
629 4281 738 4346 90³⁰&ss
786 4262 915 4328 ¹10⁰⁰¹¹¹i
957 4261 1082 4324 debllll
1134 4287 1315 4352 suspensus
1338 4283 1398 4348 est,
1424 4275 1580 4352 includet,
1601 4284 1696 4354 prout
1723 4285 1815 4340 nctus
1839 4278 1929 4341 eele-

293 4373 493 4440 sustinere.»
510 4368 567 4450 (ld.
587 4365 667 4430 ibid.
681 4367 783 4430 midi
806 4373 838 4428 et
852 4363 957 4444 seqq.)
1134 4367 1251 4433 brandi
1290 4370 1420 4434 missam
1460 4371 1547 4435 inse
1571 4372 1708 4436 includit
1740 4383 1848 4436 uotum
1880 4391 1932 4437 ea·

291 4491 491 4571 qli-Qus
512 4490 600 4548 turma
624 4487 757 4570 miranda
779 4484 856 4542 sitin
880 4485 992 4542 temnas
1022 4499 1084 4542 ως.
1133 4467 1234 4530 nendi
1264 4468 1441 4548 Epistulam
1466 4468 1516 4532 rel
1547 4471 1780 4550 Evangelinm3
1813 4488 1930 4535 conse·

637 4572 781 4630 9⁰⁰⁸¹⁰¹¹⁰·
1135 4575 1273 4648 quenter
1287 4585 1467 4650 suspensus
1479 4571 1518 4633 nb
1531 4570 1643 4634 ordine
1653 4572 1859 4650 diaconatus,
1877 4572 1928 4632 rel

334 4681 433 4759 llesp.
449 4691 516 4740 non
533 4688 606 4737 esse
625 4678 742 4734 certam
759 4667 932 4732 verborum
947 4665 1082 4730 formam
1135 4667 1386 4731 subdiaconatus
1400 4685 1466 4732 non
1484 4675 1588 4750 potest
1608 4670 1769 4733 celebrare
1782 4670 1929 4746 missam,

295 4777 526 4863 prescriptam,
552 4772 610 4836 sed
630 4789 672 4834 ex
689 4787 726 4834 ea
760 4769 986 4848 requiruntur,
1010 4783 1083 4846 que
1136 4765 1287 4845 nequod
1316 4765 1347 4829 ei
1364 4781 1428 4830 nna
1455 4767 1507 4830 uie
1540 4766 1741 4847 prohibetur,
1768 4769 1807 4831 ad
1840 4767 1928 4831 illud

296 4875 496 4942 sufficienter
527 4871 692 4942 declarent
705 4868 793 4931 bunc
808 4867 972 4932 edentum.
987 4901 1027 4912 -
1044 4867 1083 4930 ttt
1135 4863 1197 4927 nlla
1222 4864 1411 4928 udmittstur
1436 4873 1558 4931 contre.
1587 4869 1668 4947 lleg.
1696 4867 1764 4947 jur.
1780 4867 1879 4943 tibin
1896 4866 1928 4930 li.

297 4979 357 5042 rite
378 4975 511 5050 feratur,
528 4970 706 5052 praecedere
724 4967 819 5031 debet
839 4967 988 5041 monitio;
1005 4966 1083 5046 quin
1135 4966 1251 5029 Contra
1268 4963 1419 5028 sacerdos
1441 4981 1621 5047 suspensus
1639 4966 1680 5028 ab
1693 4965 1807 5030 ordine
1824 4967 1933 5029 diaeo·

298 5077 450 5144 Ecclesire
466 5078 615 5139 constare
637 5069 753 5148 nequit
767 5067 807 5132 de
822 5067 1035 5139 contumacia,
1052 5073 1084 5132 et
1135 5075 1228 5131 natus
1265 5073 1370 5146 potest
1389 5066 1579 5130 solemniter
1605 5065 1931 5146 baptizare,eonies·

295 5173 518 5244 inobedientis
559 5169 711 5250 alicujus,
753 5165 817 5231 nisi
857 5167 949 5246 prius
986 5165 1082 5230 illum
1133 5167 1929 5247 siouesaudirebenedicere,ete.,quiabiaetus

297 5284 437 5344 moneat.
471 5271 632 5352 intellige,
659 5269 688 5331 si
716 5265 873 5332 inferatur
906 5268 946 5332 ed
976 5287 1084 5333 corre·
1133 5277 1240 5335 aetum
1274 5268 1401 5333 ordinis
1427 5267 1606 5343 inferioris,
1629 5283 1728 5349 equo
1743 5285 1927 5350 suspensus

296 5383 440 5447 ctionem
467 5372 702 5455 delinquentis;
736 5386 809 5433 nem
840 5371 868 5432 si
897 5369 1020 5436 feratur
1048 5374 1083 5436 in
1135 5379 1196 5448 est,
1213 5387 1278 5434 nou
1292 5369 1517 5434 includunt.»
1721 5359 1724 5363 ’

297 5491 411 5559 puram
438 5486 563 5552 prunam
576 5467 687 5532 delicti
704 5465 883 5540 commissi,
904 5468 1084 5532 monitione
1176 5471 1301 5548 aand
1333 5470 1363 5534 si
1393 5481 1504 5540 antem
1529 5489 1634 5553 pssum
1647 5471 1739 5534 modo
1759 5485 1818 5532 sen
1831 5467 1927 5530 abso·

297 5595 361 5641 non
374 5575 509 5654 indiget,
525 5570 574 5636 nli
588 5575 712 5634 constet
725 5587 765 5632 ex
780 5586 808 5633 c.
823 5570 1021 5634 Tumlittsris
1032 5571 1082 5645 di,
1135 5569 1203 5634 lule
1237 5571 1415 5650 suspensio
1442 5570 1563 5634 leretur
1589 5571 1629 5634 ab
1648 5569 1774 5644 officio,
1790 5575 1822 5632 ει
1837 5565 1927 5630 nulla

296 5677 644 5739 barcinonensem
668 5667 832 5750 colligitur
847 5687 889 5733 ox
917 5687 988 5752 cap.
1017 5671 1083 5734 llo·
1135 5672 1360 5748 interponitur
1381 5670 1555 5746 restrictio,
1588 5667 1759 5748 suspendit
1782 5663 1926 5728 abemni

296 5791 386 5838 monn
400 5775 431 5850 b,
448 5775 657 5836 dissuesce.
679 5770 713 5836 in
727 5766 758 5834 o.
772 5803 810 5816 -
827 5771 859 5852 2.
888 5769 989 5837 Debet
1004 5769 1081 5838 ferri
1135 5771 1241 5838 ollicio
1252 5771 1463 5848 tamordinis,
1477 5767 1836 5852 quamjnrisdictioois;
1847 5765 1927 5844 qnls
