4044 6458
292 347 351 415 tte

296 460 611 523 »instrumentum
639 455 806 538 publicum
833 457 971 532 dicitur,
1003 456 1090 538 qnod

299 557 431 636 publiea
447 557 637 621 auctoritate
651 555 783 632 lactum,
808 563 906 638 atque
931 557 1089 620 lrrmatrrrn

298 665 358 722 est.
375 658 502 738 Ilupiex
519 665 568 722 ost
584 679 592 720 r
601 657 829 738 protocollurn,
841 659 928 740 quod
944 664 992 722 est
1003 676 1093 722 sums

295 758 398 822 maria
429 758 575 838 quaedam
604 765 694 822 aetus
725 751 811 838 gesti
836 757 1015 834 annotatio,
1048 776 1088 821 er

292 872 361 938 qua
378 865 489 934 postea
507 857 761 920 instrumentum
777 857 810 921 in
829 857 1006 922 solemnem
1025 859 1089 922 lor·

296 973 385 1020 mam
416 957 595 1036 redigiturs
630 958 716 1021 unde
744 959 841 1020 eliam
867 958 1092 1022 imbreviatum

293 1057 428 1124 uiator.
459 1060 604 1123 Alterum
632 1067 995 1139 aerotranarumptum,
1030 1069 1092 1124 esl-

292 1175 363 1239 ans
388 1159 641 1224 instrumentum
664 1160 887 1224 authenticum
919 1159 1090 1240 originale,

294 1275 338 1322 ex
365 1259 544 1338 protocollc
559 1261 781 1340 desumptum,
803 1259 839 1322 in
855 1275 1010 1341 quocum
1035 1260 1092 1324 ‹le-

296 1356 376 1420 hitis
402 1359 664 1424 solemnitatibus
684 1378 737 1422 res
766 1367 855 1438 gesta
874 1361 968 1438 plene
991 1375 1092 1438 expro-

301 1459 401 1524 nitur.
426 1461 609 1540 originalis
636 1459 844 1540 transumi-prio
875 1459 972 1538 vulgo
999 1459 1115 1543 cupio¹

297 1558 428 1622 dicitur.

338 1677 378 1739 ll.
404 1677 430 1738 Α
459 1691 524 1754 qno
549 1675 665 1740 nannet
696 1675 811 1740 debeat
831 1675 1087 1741 instrumentum

297 1781 492 1862 publicum?

338 1919 440 1996 ilesp.
459 1916 577 1980 Cooiici
594 1917 692 1981 behel
705 1936 803 1982 uranu
818 1918 1014 1998 tabellionis,
1033 1937 1093 1984 seu

298 2017 430 2086 notarii,
461 2016 596 2080 actuarii
617 2017 664 2080 rel
691 2019 878 2083 cancellarii
905 2021 1038 2102 publici..
1055 2055 1093 2068 -·

301 2115 330 2179 Ι.
346 2117 558 2180 Scribentlurn
586 2126 638 2180 est
653 2117 685 2179 in
702 2126 785 2182 carta
803 2120 933 2198 inundo,
951 2139 992 2186 ne
1010 2123 1094 2186 alio·

297 2217 378 2300 quin
395 2228 579 2294 suspectum
605 2219 766 2284 reduntur.
793 2254 831 2267 -
852 2223 883 2284 2.
900 2221 1093 2286 Omittenrlse

298 2325 375 2380 sunt
391 2318 568 2381 litterarum
586 2319 843 2386 abbreviationes
860 2339 897 2386 ao
917 2339 1009 2406 uoces
1025 2340 1093 2386 am·

297 2416 416 2495 bigo-m,
448 2425 588 2498 suntque
614 2419 775 2483 scribendi
802 2422 930 2487 numeri
958 2424 1092 2504 integris

298 2516 480 2594 vocabulis,
500 2535 562 2580 non
579 2519 711 2582 riberie.
742 2555 779 2567 -
810 2522 841 2586 3.
863 2524 900 2585 1η
920 2524 1093 2606 proloquio

300 2619 519 2697 praemittenda
552 2618 713 2684 invocatio
732 2621 832 2685 divini
854 2625 1008 2702 nominis,
1018 2641 1093 2688 rer-

298 2717 331 2780 hi
354 2717 453 2797 gratia
473 2721 538 2782 :in
557 2721 683 2781 nonrine
705 2721 834 2785 Domini
852 2741 958 2794 omem·
993 2724 1094 2786 aeliu

298 2818 424 2881 nomine
451 2820 507 2884 SS.
539 2827 568 2882 rt
591 2819 764 2884 indiuidua
793 2822 975 2888 Trinitatis.
1002 2857 1040 2870 -
1061 2823 1092 2888 t.

299 2918 514 2998 Exprimeuda
539 2928 665 3000 ternpus
680 2927 711 2984 ct
728 2921 828 2984 lucus.
843 2956 881 2968 —
899 2923 929 2986 b.
962 2925 1093 2992 Factum

298 3014 422 3098 integre
439 3025 472 3082 et
485 3018 624 3084 fideliter
654 3021 914 3088 describendum.
931 3057 969 3070 -
985 3025 1016 3090 6.
1035 3026 1091 3088 ln·

297 3117 434 3180 serenda
448 3119 579 3181 nomina
593 3115 723 3183 teslium
736 3139 746 3180 r
758 3138 822 3184 rino
837 3129 942 3188 tameo
959 3141 1093 3188 necesse

297 3223 360 3290 cst,
376 3217 440 3280 nisi
457 3219 489 3281 in
510 3219 674 3284 casibusa
702 3220 777 3302 jure
803 3225 1031 3302 cupressinae
1060 3226 1093 3288 bi

298 3317 523 3395 subscribant3
539 3318 596 3383 sed
611 3323 688 3384 satis
708 3329 758 3387 est
776 3321 808 3386 in
826 3340 938 3388 eorum
954 3343 1093 3406 praesen·

298 3417 342 3481 tia
358 3418 609 3486 instrumentum
627 3423 754 3496 confici.
779 3455 816 3472 ···
830 3427 864 3489 ⁵1.
881 3426 1092 3492 subscribere

299 3517 393 3582 dahel
409 3521 555 3585 notarius
582 3539 678 3586 suum
697 3540 816 3588 nomen
847 3533 879 3592 et
898 3541 1091 3606 cognomen,

299 3618 448 3698 soletque
486 3621 628 3701 sigillum
666 3642 761 3688 suum
799 3643 974 3706 apponere.
1006 3629 1094 3712 (Vide

297 3715 500 3898 ὅοιιιιιῖιιιι.
519 3721 551 3782 1ιι
565 3719 612 3783 111.
635 3724 687 3800 be,
705 3723 760 3787 lib.
781 3743 805 3786 ιι
821 3724 976 3790 Decretal.
994 3744 1026 3790 o.
1053 3728 1093 3790 te

298 3819 336 3880 aa
353 3820 401 3882 lli.

338 3940 393 4004 ΙΙΙ.
422 3943 585 4018 eraulum
619 3947 757 4026 probent
785 3935 1003 4019 ¹instrumenta
1031 3971 1092 4034 pu·

298 4041 406 4105 blica?

339 4189 370 4262 1.
397 4191 563 4271 Originale
596 4201 844 4278 transumptum,
863 4195 1043 4266 conlectum
1072 4218 1091 4267 a

299 4291 425 4354 rrolario
446 4292 478 4354 in
495 4293 594 4357 lorma
615 4297 732 4372 dehita,
759 4316 813 4378 per
839 4317 874 4362 se
890 4301 996 4363 solum
1016 4301 1091 4364 lacit

299 4393 427 4473 plenam
444 4393 537 4456 sidem
567 4401 605 4458 de
625 4415 663 4458 eo
679 4397 765 4476 quod
781 4399 968 4480 absportatae
987 4401 1092 4464 coriti·

299 4499 365 4568 net,
383 4493 485 4557 donec
497 4495 692 4557 contrarium
703 4497 868 4576 probetur.
882 4499 950 4562 Non
963 4499 1089 4576 plenaru

295 4595 392 4658 fidem
422 4594 616 4674 lecitquood
644 4613 680 4658 aa
709 4615 782 4678 qum
805 4600 1088 4674 enuntiationem

246 4747 251 4757 .
296 4694 459 4756 narrative
489 4699 520 4755 et
549 4693 723 4758 incidenter
751 4709 927 4776 ponuntur.
950 4701 1091 4764 —Dixi-

299 4811 371 4855 inus
386 4792 482 4854 donec
497 4796 693 4856 contrarium
704 4797 870 4877 probetur.
882 4800 992 4863 Potest
1003 4803 1087 4865 enim

297 4911 315 4955 a
341 4892 487 4971 personis
514 4893 608 4955 ctiam
639 4893 777 4971 publicis
799 4885 888 4962 fraus
918 4909 973 4965 aot
1002 4919 1091 4965 error

296 4991 470 5056 conmitti.
491 4993 524 5055 Si
543 5011 619 5073 ergo
634 4993 722 5058 lraus
745 4999 915 5062 commissa
929 4999 1089 5064 sufficien-

301 5104 350 5158 ter
366 5097 531 5176 probetur,
551 5099 629 5162 unes
645 5098 852 5171 instrumenti
866 5105 1086 5169 cessabit-it.

295 5197 1087 5292 Etiamprotocollnrnplenamlillemiacit.(Gom-

297 5295 435 5378 munis.)
447 5331 484 5346 -·
496 5299 527 5360 3.
541 5297 648 5380 Copiae
662 5317 703 5364 ex
725 5302 876 5382 originali
892 5303 1088 5385 transcripte

295 5399 336 5461 ab
352 5398 464 5461 eodem
479 5400 605 5461 notario
628 5400 683 5480 qui
701 5399 775 5465 lucit
791 5402 959 5482 originale,
976 5407 1088 5468 seu-ah

295 5498 359 5562 alio
372 5498 502 5577 publico
522 5483 648 5563 notario
665 5519 735 5564 eum
759 5504 951 5568 auctoritate
967 5505 1088 5586 judicis

296 5605 328 5660 et
346 5600 609 5663 solemnitatibus
639 5604 816 5684 requisitis,
842 5604 937 5669 tidem
953 5606 1086 5674 locirrnt.

295 5699 373 5760 -lu
384 5697 492 5778 Copiae
508 5717 686 5766 veromanu
704 5709 735 5766 et
748 5704 937 5771 auctoritate
951 5706 1086 5787 privata,

296 5793 391 5862 lldem
408 5815 473 5865 non
490 5799 624 5867 leniunt.

797 343 911 408 tuuis
925 341 1106 408 CANONICI
1122 341 1385 406 conrnnnlun.

1184 455 1238 518 lv.
1264 455 1428 530 Quantum
1459 451 1596 532 probent
1624 453 1838 518 instrumenta
1868 477 1926 537 prr·

1141 561 1235 620 retal
2008 641 2009 644 Ἴ

1180 656 1437 721 instrumentum
1452 658 1615 736 priuatum
1636 656 1865 738 diciturquod,
1883 663 1926 724 rrl

1141 774 1159 820 a
1180 773 1316 838 persona
1332 774 1397 820 non
1414 758 1553 839 publica,
1581 759 1631 822 rel
1648 759 1719 822 sine
1745 759 1864 822 debitis
1880 777 1927 822 so·
2008 815 2009 828 ,

1141 857 1375 937 lemnitatibus,
1399 859 1582 924 conlectum
1607 861 1660 924 sit.
1683 861 1739 924 Est
1758 867 1863 924 annm
1877 866 1927 925 ari·
2008 859 2009 900 ³

1141 961 1313 1026 ttenrteun
1343 961 1393 1024 vel
1422 979 1487 1024 non
1515 961 1740 1026 authenticum.
1774 963 1925 1028 Privatum
2008 975 2009 986 ³

1139 1063 1361 1127 authenticum
1381 1061 1519 1125 describi
1548 1061 1644 1136 solet,
1676 1063 1928 1142 scripturn,prr'·

1139 1173 1212 1226 cata
1226 1162 1360 1244 quidem,
1373 1163 1498 1225 testium
1513 1169 1616 1222 lemen
1629 1161 1866 1242 subscriptione
1878 1175 1927 1228 cut
2008 1235 2009 1260 χ

1139 1261 1261 1342 cipitia,
1288 1279 1380 1342 eoque
1402 1261 1566 1341 recopnilo
1590 1271 1645 1324 aut
1673 1263 1926 1343 approbato,ont
2008 1273 2009 1336 3

1141 1360 1205 1422 alio
1223 1360 1363 1440 lepitinao
1380 1359 1472 1422 motio
1484 1362 1620 1424 munito.
1639 1360 1766 1436 Quibus
1780 1364 1929 1426 conditio·
2008 1373 2009 1452 1

1143 1462 1241 1525 uibus
1277 1460 1305 1524 si
1333 1469 1449 1534 careat,
1478 1460 1733 1524 instrumentum
1764 1462 1928 1540 privatum,

1141 1579 1199 1643 pro
1211 1579 1274 1624 non
1289 1561 1468 1624 anthentica
1484 1563 1631 1626 babetur.

1182 1663 1294 1726 Plures
1316 1668 1393 1727 sunt
1426 1662 1721 1726 instrumentorum
1738 1664 1928 1743 privatorum

1143 1764 1397 1827 authenticorum
1424 1759 1698 1842 montecellum
1728 1779 1790 1846 pro
1819 1765 1928 1830 talibus

1145 1865 1306 1930 hahentur
1334 1883 1343 1924 ι
1373 1866 1404 1927 1⁶
1434 1865 1511 1928 Acta
1542 1864 1668 1944 publiea
1690 1871 1723 1928 at
1744 1863 1927 1944 iudicialis,

1145 1966 1179 2028 2·
1194 1965 1417 2046 scripturn-ex
1433 1964 1576 2030 archivio
1595 1965 1727 2047 publico
1740 1965 1927 2047 desumptae
2008 2029 2009 2044 ,

1144 2065 1355 2144 b'scripturm
1373 2084 1391 2129 a
1408 2064 1683 2146 privatisquitlern
1699 2065 1927 2138 contentiosae

1143 2169 1275 2248 publico
1290 2166 1340 2232 rel
1353 2166 1542 2231 authentico
1558 2166 1667 2245 sigillo
1683 2167 1841 2248 episcopi,
1863 2170 1928 2230 uni·

1144 2267 1318 2342 tersitetis,
1343 2265 1393 2330 rol
1413 2265 1548 2327 alterius
1567 2266 1812 2330 communitatis
1822 2267 1878 2348 jos
1892 2269 1930 2330 si·

1142 2365 1209 2444 gilli
1230 2363 1381 2428 habentis
1397 2362 1550 2440 monite,
1567 2361 1605 2444 3¹⁵⁸
1625 2364 1796 2443 scriptura
1824 2365 1927 2445 privati

1143 2481 1240 2529 maon
1272 2463 1545 2543 conscriptae,eerl
1583 2463 1682 2526 trium
1712 2471 1745 2526 et
1763 2463 1928 2544 aliquanao
1966 2503 1971 2516 ·

1141 2570 1282 2630 luorum
1299 2566 1446 2640 testium}
1460 2565 1566 2628 adhuc
1595 2565 1777 2628 virentium
1800 2572 1833 2629 et
1849 2583 1927 2630 suan

1144 2684 1274 2731 manum
1291 2665 1593 2744 recognoscentiam
1610 2665 1854 2744 subscriptione
1871 2683 1928 2730 cor·

1143 2767 1317 2843 roborate3
1336 2768 1372 2829 5·
1389 2765 1563 2828 matriculae
1590 2773 1624 2828 et
1646 2764 1722 2828 libri
1746 2766 1928 2842 censoalasr

1141 2868 1174 2932 6⁶
1189 2866 1263 2931 libri
1276 2863 1479 2932 ollioialicum
1492 2863 1694 2942 publicorum
1710 2885 1719 2938 3
1738 2863 1928 2942 parochiales

1142 2969 1400 3048 baptizatorum,
1442 2973 1645 3044 nuptorum,
1684 2965 1927 3041 defunctorum

1142 3067 1217 3131 libri
1249 3066 1479 3146 collegiorum
1504 3068 1537 3126 l*
1566 3067 1710 3146 denique
1744 3065 1928 3130 omnesillo

1147 3169 1411 3248 scripturaeque
1442 3166 1620 3230 secundum
1649 3183 1773 3230 morem
1798 3167 1928 3246 regionis

1142 3270 1296 3346 conlectae
1324 3271 1389 3332 rim
1424 3269 1687 3334 authenticorum
1723 3270 1929 3332 obtinuerunt

1141 3373 1225 3450 apuu
1252 3389 1365 3434 omnes
1397 3387 1414 3434 a
1448 3371 1545 3450 longo
1575 3387 1636 3433 usu
1671 3378 1703 3434 et
1733 3379 1926 3450 tempore.»

1142 3473 1359 3556 (mannasca.
1378 3472 1412 3534 in
1433 3471 1657 3545 lit.1nrr,lih.
1680 3486 1703 3532 ιι
1731 3467 1925 3533 verrucla.

1141 3561 1496 3656 enthimematum,
1514 3575 1552 3637 ad
1571 3573 1786 3653 questionem
1806 3589 1927 3652 respon·

1141 3680 1262 3754 detur:

1182 3768 1498 3864 nocumentum
1529 3763 1640 3837 dehita
1669 3774 1767 3838 morlo
1792 3774 1926 3838 conlecta

1142 3879 1269 3961 plenam
1283 3877 1375 3940 odem
1391 3875 1526 3938 iaciunt.
1546 3874 1643 3957 libid.
1661 3892 1692 3936 n.
1711 3874 1779 3945 371

1179 3981 1211 4043 2.
1231 3978 1404 4058 Scriptura
1420 3993 1458 4040 er
1490 3975 1634 4038 archivio
1651 3975 1784 4054 publico
1807 3975 1925 4041 desum·

1143 4090 1203 4164 plae
1215 4081 1333 4144 iaciunt
1349 4079 1467 4159 pariter
1486 4077 1612 4157 plenum
1633 4077 1740 4139 lidenr.
1758 4077 1817 4139 lus
1832 4086 1925 4140 annm

1140 4181 1274 4245 archivii
1311 4178 1432 4259 publici
1464 4175 1617 4256 competit
1650 4181 1773 4238 tantum
1801 4177 1925 4256 pratens

1141 4283 1336 4364 majoribus3
1366 4278 1529 4360 episcopis
1557 4295 1673 4355 nempe
1696 4284 1727 4340 et
1743 4276 1860 4340 horum
1876 4295 1923 4340 su·

1140 4382 1334 4461 pectoribus.

1179 4487 1211 4548 3.
1236 4484 1326 4546 Idem
1358 4481 1532 4546 dicendum
1548 4478 1589 4542 de
1618 4479 1778 4558 scripture
1801 4479 1923 4559 privata,

1141 4585 1272 4667 publico
1288 4584 1397 4662 sigillo
1414 4583 1553 4657 munita,
1564 4581 1662 4644 modo
1677 4580 1776 4644 simol
1801 4580 1925 4662 requisi·

1141 4689 1181 4751 tis
1198 4705 1216 4752 a
1232 4687 1294 4751 luci
1311 4684 1550 4750 consuetudine
1569 4681 1755 4746 satisiaeiat.
1775 4681 1808 4743 Si
1828 4690 1923 4744 auten

1141 4789 1256 4853 haheat
1281 4793 1405 4852 lantum
1438 4784 1581 4863 sigillum
1612 4797 1759 4862 personia
1794 4784 1923 4862 private,

1140 4889 1288 4972 probabit
1312 4886 1418 4950 solum
1451 4892 1562 4948 contra
1596 4885 1678 4946 lianc
1706 4896 1888 4962 personam,
1902 4880 1924 4943 si

1139 4995 1258 5060 dietum
1274 4991 1417 5072 sigillum
1438 5005 1494 5070 pro
1513 5005 1575 5051 suc
1590 4985 1769 5066 agnoscat.¹

1178 5097 1209 5160 la.
1229 5097 1307 5158 item
1329 5094 1455 5174 plenam
1471 5091 1567 5154 tidem
1580 5089 1705 5152 laniunt
1726 5087 1803 5151 libri
1820 5087 1925 5151 officia·

1139 5195 1218 5259 lium
1236 5192 1452 5275 publicorum,
1475 5189 1582 5272 quoad
1600 5205 1636 5251 ea
1651 5203 1724 5269 quae
1752 5187 1790 5249 ad
1809 5187 1922 5249 illorum

1139 5299 1279 5363 olllcium
1297 5297 1471 5376 pertinent.
1489 5295 1528 5356 lbt
1545 5293 1604 5364 sic,
1629 5308 1659 5352 r.
1693 5307 1743 5368 gr.
1771 5287 1924 5352 matrimo-

1139 5398 1229 5460 nium
1249 5396 1345 5476 plene
1363 5393 1517 5474 probatur
1545 5389 1742 5453 celebratum
1774 5386 1889 5455 luisse,
1903 5381 1923 5442 si

1138 5497 1170 5561 il
1200 5495 1425 5576 consignatum
1454 5510 1470 5555 a
1502 5490 1644 5570 parocho
1674 5488 1724 5552 rel
1751 5487 1817 5550 alio
1846 5483 1922 5547 adil

1138 5599 1294 5679 deputato
1319 5595 1498 5676 reperiatur
1524 5593 1559 5656 in
1596 5590 1679 5654 libro
1716 5585 1924 5653 matrimonio·

1139 5717 1221 5766 rum.

1180 5803 1208 5865 5.
1231 5801 1318 5881 Libri
1350 5797 1558 5866 ecclesiarum
1589 5801 1621 5860 et
1650 5787 1918 5860 monasteriorum,
