4046 6460
261 435 312 501 ibi
788 420 903 486 sums
917 408 1375 484 otuodlcloollt’urluluu.

265 546 366 612 rande
384 544 468 608 circe
485 543 576 622 ipsos
594 534 831 616 incorrigibiles
852 528 1044 612 ejiciendos,
1102 533 1134 588 et
1179 536 1333 602 apparere
1366 510 1630 594 incorrigibilius
1672 523 1731 588 pro
1774 505 1893 586 expul-

263 657 295 713 et
325 649 456 728 ejectos.
491 643 634 722 Quoque
677 631 821 716 reperies
841 633 881 696 ed
911 631 1049 694 litteram
1101 625 1206 688 siouc.
1229 617 1357 698 illirici.
1372 635 1404 680 n.
1421 617 1459 680 ii
1473 623 1504 678 et
1519 611 1601 693 seq.)

263 752 348 832 apud
364 751 490 812 Ferret.
517 743 607 808 verb.
633 733 1001 822 circumceptum.
1021 731 1049 804 1,
1142 724 1200 788 ιιι.
1229 743 1246 784 s
1276 718 1423 784 Facultes
1445 709 1633 794 expellendi
1649 707 1893 822 incorrigibiles

264 855 333 915 bet
348 851 381 913 ³.
1104 841 1145 887 cx
1158 825 1288 888 decreto
1310 817 1428 884 Urbani
1447 814 1522 878 vill
1544 813 1752 892 restringitur
1773 809 1814 874 ed
1834 825 1894 890 ge·

305 951 344 1014 ll.
363 951 411 1010 Ex
427 943 547 1026 quibus
562 939 698 1004 decretis
724 935 890 1016 colligitur
904 931 1052 1015 quinque
1106 925 1247 990 nerelem
1261 924 1301 986 de
1317 917 1467 996 consilio,
1482 923 1514 980 et
1530 932 1667 980 esseusu
1682 930 1740 980 sex
1766 913 1896 976 Petrum

270 1048 455 1130 prereqniri
486 1043 527 1106 td
553 1040 778 1120 expulsionem
805 1032 1053 1114 incorrigibilis.
1105 1025 1359 1108 exgrerioribtts
1375 1019 1535 1102 eligendis
1550 1018 1585 1080 in
1606 1014 1747 1096 siugulis
1762 1014 1894 1094 capilu-
2009 1081 2010 1084 Ἴ

269 1151 408 1214 Primum
424 1151 473 1206 est
489 1140 678 1206 reciditctio
696 1135 882 1219 expellendi
898 1135 931 1198 in
958 1149 1054 1214 grato
1107 1130 1148 1192 lis
1184 1127 1235 1192 rel
1265 1119 1569 1206 congregationibus
1605 1116 1826 1198 generalibus.
1858 1116 1898 1180 ln

267 1252 403 1314 crimen.
425 1245 610 1309 Secundum
636 1249 683 1305 est
702 1240 851 1312 monitio,
879 1254 938 1301 seu
965 1250 1056 1314 pmna
1107 1228 1235 1291 decreto
1247 1231 1356 1288 antem
1373 1214 1632 1286 innocentiillll
1649 1211 1836 1275 extenditur
1856 1207 1898 1272 ad

270 1352 439 1418 reitereta,
453 1361 509 1408 reo
524 1345 655 1406 incussa
669 1342 707 1404 ad
724 1343 795 1421 ejus
808 1341 1055 1402 correctionem.
1111 1323 1334 1408 provinciales,
1348 1320 1407 1400 qui
1434 1315 1546 1380 clectis
1568 1313 1689 1394 puriter
1708 1312 1743 1374 in
1762 1325 1901 1388 congro·

274 1447 419 1510 Tertium
441 1452 491 1506 cst
512 1459 685 1524 processus
709 1440 879 1504 institutus
897 1438 988 1517 juxta
1006 1449 1058 1498 or·
1110 1425 1295 1508 gatiouibus
1313 1416 1567 1502 provincialibus
1581 1431 1639 1480 sex
1659 1409 1900 1494 gratioribuse

270 1548 384 1610 dinum
398 1543 646 1607 constitutiones
662 1539 694 1604 iu
710 1540 824 1604 ordine
838 1539 876 1603 ed
892 1537 1060 1616 expulsio·
1111 1529 1239 1608 proprio
1263 1521 1425 1602 provincie
1451 1516 1612 1596 religiosis
1626 1531 1644 1576 n
1658 1511 1803 1594 genereli
1819 1525 1900 1572 con·

272 1665 358 1710 trem.
374 1648 530 1722 Quartum
545 1651 593 1706 est
605 1641 748 1704 formeiis
763 1639 936 1703 conceretio
950 1637 1061 1716 expel·
1110 1626 1285 1699 firmandis,
1308 1625 1350 1685 de
1380 1619 1510 1682 illorum
1528 1614 1680 1700 consilio,
1704 1620 1737 1676 et
1762 1627 1902 1676 assensu

273 1747 359 1808 tendi
377 1749 410 1807 in
426 1742 555 1824 jejunio
575 1750 607 1803 et
627 1739 890 1818 poenitentium
908 1737 1060 1816 quintum
1112 1743 1224 1792 censos
1240 1719 1638 1804 huiusmodicoguoscanl,
1651 1714 1735 1780 eled
1750 1712 1903 1776 ellectum

271 1853 322 1908 est
337 1841 601 1922 incorrigibiliter
615 1839 651 1902 in
666 1840 792 1904 eodem.
814 1861 829 1896 x
853 1837 949 1920 (llic.
967 1853 1000 1898 n.
1018 1831 1059 1914 l.)
1113 1827 1263 1910 ejiciendi
1287 1820 1525 1902 incorrigibiles
1552 1835 1621 1888 soce
1646 1812 1840 1894 provincie,
1869 1819 1901 1874 et

314 1961 547 2023 «Recidirotio
571 1959 603 2022 in
627 1958 743 2021 ordine
768 1957 808 2019 cd
834 1955 1061 2035 expulsionem

275 2078 340 2125 non
373 2061 551 2140 requiritur
576 2059 666 2139 quod
693 2059 745 2120 fiet
768 2058 801 2121 iu
828 2057 915 2120 idem
939 2055 1063 2120 crimen

276 2161 397 2242 specie,
412 2161 470 2222 sed
487 2157 604 2221 sufficit
628 2157 715 2238 quod
731 2157 782 2220 iiat
805 2156 841 2219 in
865 2155 928 2219 olio
947 2155 1065 2218 delicto

276 2259 386 2339 specie
402 2259 541 2321 diverse.
558 2279 573 2315 r
590 2255 687 2338 (idid.
706 2273 737 2320 ιι.
755 2256 800 2338 5.)

318 2384 483 2447 «Μοιιίιίο
506 2402 566 2446 seu
591 2384 719 2464 punitio
740 2385 836 2446 debet
858 2400 930 2447 esse
953 2383 1064 2446 trine:

277 2483 325 2564 (C.
353 2485 518 2564 Contingit
539 2485 589 2556 [ιδ.
621 2484 665 2545 De
685 2493 763 2547 tent.
797 2503 936 2556 ccccm:
966 2502 994 2549 c.
1018 2483 1068 2546 Eu

277 2587 390 2666 quoii,
409 2587 453 2645 Dc
464 2593 551 2646 ttcttt
563 2585 742 2648 procacitor.
761 2585 837 2648 idid.
856 2601 888 2647 ιι.
905 2583 951 2666 tt.)

320 2709 533 2773 «processus
561 2705 657 2768 debet
681 2722 753 2770 esse
777 2704 957 2769 instructus
975 2703 1068 2786 juxta

279 2806 627 2892 cujusquereligionis
651 2807 783 2893 stylum,
800 2815 832 2869 et
859 2806 1068 2870 constitutio·

281 2925 338 2972 nos
368 2914 399 2970 et
433 2906 624 2986 peripsum
654 2907 772 2970 debent
811 2907 905 2994 priene
942 2907 1067 2986 probem

279 3023 384 3070 causoe
415 3004 631 3086 expulsionis,
657 3023 773 3085 nempe
801 3008 888 3086 quod
921 3024 996 3070 reos
1028 3007 1068 3070 de

281 3106 409 3172 delictis
427 3104 584 3184 igrotibus
611 3106 699 3184 juxte
724 3105 780 3197 jus
806 3123 986 3181 commune,
1016 3115 1070 3169 cut

283 3206 407 3288 proprii
434 3207 558 3270 ordinis
582 3207 829 3270 constitutiones
858 3217 950 3270 antee
972 3207 1072 3272 luerit

284 3311 335 3378 ter
365 3306 510 3384 punitus,
536 3313 592 3367 eut
624 3305 791 3384 cononice,
815 3314 846 3369 et
871 3307 1073 3385 judicialiter

285 3403 439 3480 monitus,
457 3411 487 3465 et
504 3402 554 3464 bis
583 3405 864 3471 nonobstantibus
883 3406 987 3472 nihilo
1003 3423 1072 3470 me·

284 3501 346 3568 lior
360 3503 463 3568 lactus
480 3505 585 3570 edbuc
605 3507 893 3582 conversationem,
916 3515 948 3571 et
973 3507 1071 3572 vitam

285 3599 457 3666 relaxetem
482 3602 650 3666 continuet
671 3602 742 3666 sine
762 3603 827 3668 ulle
846 3621 904 3684 spe
918 3604 1073 3680 emendo·

285 3700 424 3765 tionis.»
438 3700 536 3780 (idid.
553 3718 586 3764 n.
602 3699 646 3780 7.)

326 3842 342 3878 e
373 3818 551 3882 Corccretio
582 3817 727 3884 formulis
758 3836 798 3887 ex
827 3820 955 3894 decreto
979 3823 1077 3886 lnno-

285 3919 384 3982 centii
399 3919 454 3978 llll
471 3918 677 3997 restringitur
689 3918 730 3980 nd
750 3917 836 3980 solos
860 3937 918 3982 sex
934 3937 1074 3996 manses,

286 4022 343 4085 sed
361 4019 545 4088 continuos.
562 4041 578 4078 s
594 4018 691 4099 (idid.
709 4037 741 4084 u.
757 4021 778 4083 8
793 4027 823 4098 et
838 4018 881 4101 9.)
895 4021 1077 4086 Cerceratio

287 4135 351 4190 uon
380 4119 475 4182 debet
504 4136 577 4182 esse
603 4119 642 4186 cti
665 4119 766 4184 solem
792 4120 987 4208 'custodum
1019 4121 1077 4186 sed

288 4218 385 4282 debet
396 4235 468 4281 esse
483 4213 664 4298 quelibc'ctc
679 4218 864 4296 ercutionc,
877 4228 908 4284 et
923 4220 1078 4300 poniten-

288 4317 332 4388 ιιι
348 4319 379 4382 in
395 4335 519 4382 corcere
532 4317 672 4388 lormoli.
689 4320 773 4387 stris
791 4326 822 4384 et
843 4320 987 4385 vectibus
1005 4339 1077 4384 mu·

1113 1927 1303 2010 ejectionem
1342 1919 1592 2004 pronuntiandi,
1632 1915 1804 1980 accedente
1844 1926 1903 1990 ep·

1114 2026 1301 2110 probatione
1323 2021 1497 2106 generalis,
1523 2015 1687 2090 definient,
1709 2013 1799 2077 solra
1820 2025 1906 2072 eenr-

1116 2145 1172 2208 per
1195 2133 1311 2194 sancito
1330 2123 1432 2198 sedis,
1461 2127 1495 2183 et
1519 2135 1617 2182 socru
1640 2109 1905 2194 congregationis

1115 2224 1246 2292 concilii
1275 2225 1310 2290 iu
1334 2239 1432 2290 censo
1457 2233 1606 2290 recursus
1629 2223 1662 2278 ct
1678 2206 1906 2292 appellationis

1115 2325 1315 2392 auctoritate.
1333 2325 1431 2388 »lion
1450 2325 1556 2401 potest
1571 2326 1677 2390 tameo
1696 2327 1788 2378 ceca
1804 2326 1908 2391 gene-¹

1117 2425 1189 2503 reli,
1204 2440 1302 2493 nece
1325 2419 1525 2503 provinciali,
1541 2417 1608 2485 boc
1628 2421 1770 2496 potestne
1795 2407 1908 2488 expel-

1118 2527 1206 2594 lendi
1224 2524 1317 2589 elteri
1332 2521 1486 2602 delegari,
1504 2528 1539 2591 ut
1554 2519 1688 2592 hebetur
1711 2534 1753 2579 ox
1770 2529 1908 2592 respon·

1118 2627 1210 2688 sione
1232 2641 1314 2686 secr.
1339 2637 1450 2700 congr.
1478 2617 1600 2687 Concil.
1614 2618 1653 2678 ot
1678 2615 1769 2680 lucii
1785 2612 1907 2679 1⁶53.»

1119 2725 1214 2807 (llio.
1228 2741 1261 2788 u.
1282 2724 1320 2788 1o
1334 2730 1365 2785 et
1385 2719 1469 2801 seq.)

1158 2827 1214 2890 lv.
1233 2848 1249 2884 e
1265 2824 1298 2886 Si
1313 2839 1372 2886 occ
1385 2837 1403 2884 e
1418 2819 1588 2900 religione,
1604 2828 1636 2882 et
1655 2832 1714 2886 uec
1735 2831 1752 2886 e
1776 2811 1911 2894 protin-

1120 2927 1168 2992 cie
1193 2923 1380 3006 huiusmodi
1410 2937 1466 2986 sex
1491 2929 1597 3000 potres
1620 2915 1744 2982 fuerint
1760 2915 1859 2981 electi
1878 2913 1909 2975 ic

1119 3026 1271 3107 cepitulo,
1295 3039 1356 3090 seu
1384 3019 1651 3101 congregatione,
1681 3015 1776 3080 debet
1800 3011 1911 3078 heberi

1122 3143 1290 3194 recursum
1304 3125 1343 3188 etl
1361 3140 1441 3190 sacr.
1458 3137 1569 3201 congr.
1588 3117 1723 3184 concilii
1743 3117 1778 3180 in
1794 3117 1911 3195 singu-

1124 3229 1164 3294 lis
1201 3227 1412 3300 casibus,.nt
1453 3221 1591 3292 hebetur
1625 3236 1666 3284 ox
1696 3214 1911 3295 responsione

1123 3329 1268 3409 ejusdem
1291 3343 1371 3390 secr.
1397 3339 1506 3400 congr.
1534 3343 1550 3382 r
1576 3319 1624 3394 Ad
1652 3317 1798 3392 eumdem
1830 3331 1911 3378 secr.

1123 3447 1234 3512 congr.
1250 3425 1371 3493 recurri
1399 3425 1494 3490 debet
1522 3437 1579 3503 pro
1603 3416 1832 3492 carceretiquis
1851 3415 1914 3490 ior·

1125 3526 1217 3592 melis
1249 3523 1507 3603 dispensatiore,
1542 3518 1578 3584 itt
1618 3514 1838 3595 religionibus
1878 3513 1912 3576 in

1124 3626 1261 3709 quibus,
1294 3623 1379 3690 sicut
1406 3622 1439 3684 iu
1468 3617 1591 3692 Gellia,
1618 3616 1669 3680 lex
1707 3612 1816 3691 civilis
1849 3629 1913 3678 non

1124 3725 1269 3809 agnoscit
1282 3724 1371 3803 leges
1394 3719 1546 3789 Ecclesie
1558 3725 1590 3782 et
1605 3715 1753 3796 probibet
1771 3717 1862 3778 cites
1882 3713 1913 3776 in

1126 3845 1252 3894 carcere
1273 3821 1412 3890 detineri
1435 3821 1476 3884 cb
1496 3819 1569 3887 aliis
1592 3833 1688 3899 qoam
1714 3832 1733 3880 o
1758 3823 1913 3896 potestate

1126 3928 1226 3994 civiti.

1167 4031 1205 4091 V.
1224 4050 1239 4086 r
1259 4028 1328 4090 Non
1353 4023 1443 4086 edest
1467 4019 1626 4098 obligatio
1642 4018 1832 4099 religiosum
1858 4031 1914 4078 ex-

1128 4127 1283 4211 pellendi,
1297 4124 1444 4206 quamtis
1460 4120 1690 4201 incorrigibilis
1708 4120 1742 4184 iu
1760 4133 1912 4200 expressa

1128 4247 1187 4297 sue
1205 4227 1401 4306 obligatione
1417 4223 1581 4302 persistat,
1609 4221 1665 4286 sed
1693 4215 1914 4288 laculutirum
2009 4229 2010 4232 ¹

1129 4338 1178 4396 est
1207 4327 1380 4408 superiori,
1407 4342 1466 4391 seu
1489 4323 1606 4404 iudici,
1628 4319 1677 4386 rel
1699 4319 1733 4382 iu
1756 4331 1914 4382 circerem

290 4416 369 4497 “fib
382 4417 452 4480 §5¹¹⁰
469 4417 597 4498 coputio
615 4424 645 4482 θ)
660 4416 789 4496 timidis
803 4435 861 4492 ⁵⁰1¹
875 4417 1076 4499 hul'lssfflfflis
1129 4430 1234 4496 edbuo
1246 4428 1405 4499 detincre,
1422 4422 1471 4486 vel
1494 4425 1532 4485 ad
1559 4416 1787 4500 expulsionem
1805 4429 1917 4501 proce·

289 4517 369 4580 etin
387 4534 477 4596 prone,
495 4526 526 4580 et
539 4534 622 4598 eque
643 4518 740 4582 simol
765 4537 837 4582 cum
865 4519 1077 4600 sscgelletionc
1130 4530 1217 4594 cere.
1234 4527 1390 4608 (Fronte.
1405 4521 1524 4586 illido.
1536 4519 1599 4602 18.)

284 4617 322 4690 in
343 4615 470 4696 publico
496 4616 668 4696 refectorio
683 4617 795 4684 sellem
813 4618 978 4698 aliquibus
1003 4619 1080 4682 heb
1170 4629 1223 4691 vl.
1243 4647 1258 4683 ι
1278 4630 1339 4690 Pro
1353 4623 1485 4700 terenda
1504 4619 1664 4686 sententia
1681 4615 1914 4682 deduiiivtsn·

288 4717 433 4780 dimid&
467 4715 596 4790 diibus·
624 4717 672 4791 ιθ)
693 4715 807 4782 Sillim
832 4716 978 4798 qffllibei
999 4716 1079 4781 serii
1131 4747 1187 4810 per
1198 4726 1389 4808 expulsione
1402 4719 1633 4800 incorrigibilis
1647 4735 1711 4782 nou
1724 4713 1913 4795 requiritur,

289 4823 391 4881 sexta.
408 4839 423 4877 r
440 4815 534 4896 (ibid.
554 4835 586 4880 n.
605 4815 667 4898 12.)
1130 4833 1217 4912 quon
1243 4829 1372 4908 singule
1387 4841 1444 4891 sex
1464 4827 1590 4888 Petrum
1615 4828 1686 4884 vote
1709 4818 1913 4885 concordent,

332 4955 347 4992 ι
381 4933 425 4998 tc
459 4933 653 5013 prehendero
683 4934 995 5014 incorrigibilitetem
1022 4951 1079 5015 pro
1131 4930 1188 4992 sed
1222 4927 1338 5002 scilicit
1368 4933 1402 4988 ut
1434 4923 1532 5002 mojor
1567 4935 1639 5002 pers
1676 4915 1870 4982 consentiet.
1899 4931 1913 4966 r

294 5034 498 5111 expulsione,
520 5051 653 5106 neccsse
672 5042 720 5100 est
751 5043 784 5104 ut
819 5053 875 5114 per
908 5035 1081 5109 intervelli
1132 5031 1175 5111 (S.
1195 5047 1306 5108 congr.
1321 5025 1443 5092 concil.
1459 5057 1499 5070 -
1514 5020 1597 5086 ibid.
1620 5037 1652 5084 n.
1667 5017 1733 5096 ιθ.)

292 5131 1078 5212 fienterimineetcuilibetcdhiberturpunitio...
1170 5130 1240 5194 vll.
1276 5126 1482 5192 «Soulemio
1513 5121 1675 5194 definitive
1714 5113 1914 5200 expulsionis

292 5241 324 5295 et
341 5248 403 5296 uon
419 5239 523 5312 potest
540 5234 692 5296 cencerori
714 5251 771 5313 pro
793 5235 997 5315 expulsione,
1015 5231 1080 5297 nisi
1132 5231 1402 5312 incorrigibilium
1428 5243 1493 5290 nou
1517 5233 1623 5306 potest
1647 5219 1717 5286 lieri
1738 5217 1803 5284 uisi
1828 5216 1915 5298 prins

291 5338 347 5414 qut
367 5343 437 5412 pust
460 5335 592 5406 tertium
608 5333 773 5412 delictum,
792 5343 824 5405 et
838 5334 965 5408 tertium
979 5331 1080 5412 puni·
1133 5319 1291 5406 instructo
1325 5327 1504 5406 secundum
1545 5324 1718 5408 cujusque.
1748 5315 1914 5408 religionis

242 5477 244 5482 ·
293 5439 427 5510 liccem,
455 5434 574 5508 iterum
598 5436 774 5518 delinquit.
808 5457 824 5504 e
852 5433 949 5512 libid.
977 5451 1010 5510 p.
1042 5434 1080 5499 1³
1130 5435 1252 5515 stylum
1281 5441 1312 5503 et
1328 5429 1574 5506 constitutiones
1592 5438 1757 5508 processu,
1773 5425 1806 5484 et
1825 5419 1914 5498 plene

292 5544 324 5597 et
342 5537 404 5616 li.)
1130 5533 1275 5616 probetis
1301 5529 1409 5602 causis
1426 5527 1630 5608 expulsionis
1653 5523 1692 5588 ed
1721 5539 1803 5585 sacr.
1819 5533 1914 5584 ceno·

333 5659 348 5692 r
378 5637 626 5720 incorrigibilis,
644 5637 806 5718 completo
832 5634 969 5712 carceris
996 5643 1079 5714 lem·
1131 5617 1913 5714 cemproscriptumque.decret.Urbruivlll·

295 5753 383 5817 pore,
402 5753 466 5810 uon
482 5751 531 5802 est
544 5739 650 5807 cutim
664 5739 890 5817 expellendus,
903 5738 959 5814 seri
975 5736 1082 5813 edbuc
1133 5769 1170 5784 -
1186 5733 1267 5800 litt.
1283 5750 1314 5798 n.
1329 5733 1394 5812 ii.)

295 5844 367 5916 post
397 5853 554 5906 carcerem
580 5837 799 5918 probatorium
832 5836 926 5904 debet
945 5839 1078 5914 durnre,
1176 5835 1258 5902 llll.
1278 5833 1498 5899 «constructo
1520 5839 1550 5896 et
1574 5827 1722 5899 obsoleto
1750 5831 1914 5908 processu,
