4046 6460
293 489 562 552 ministrationem
579 487 740 551 ullatenus·
766 469 951 568 praepedire
964 495 1019 552 aut
1046 489 1077 550 in

292 611 362 658 eoru
388 609 462 655 sese
485 589 650 670 ingerere,
674 588 738 651 uisi
758 587 883 651 ratione
906 587 1013 653 delicti
1046 591 1078 652 in

292 695 454 778 eiusmodi
482 691 762 760 administratione
802 707 820 754 a
849 690 1080 754 communitate

294 797 478 874 commissi3
494 795 551 863 sed
566 801 601 860 ut
622 793 724 874 possit
740 791 926 857 ordinarius
940 807 1012 856 sese
1028 790 1081 853 in·

293 919 406 982 gerere
421 899 459 963 ad
477 896 740 978 cognoscendum
762 895 803 957 de
828 893 1081 957 administratio·

295 1005 343 1064 rt²s
359 995 547 1078 hujusmodi
566 995 747 1069 abusibus,
763 1011 897 1060 necesse
916 999 1015 1056 estut
1032 991 1083 1054 in·

293 1101 450 1165 terrenial
479 1108 647 1163 aecusator
673 1113 732 1160 sau
758 1095 839 1158 lama
871 1093 1080 1174 publicati).

294 1207 406 1277 littttlx,
424 1201 502 1266 t'bt'd.
522 1219 552 1282 p.
570 1199 655 1280 28⁰.)

332 1308 370 1371 ll.
389 1328 404 1362 a
422 1303 598 1366 Praetuissar
613 1301 842 1367 conclusiones
861 1299 1083 1378 intelligendae

291 1414 369 1470 sunt
384 1405 482 1469 etiam
497 1405 536 1466 dc
553 1403 716 1484 religiosis
738 1400 916 1464 mulierum
938 1417 1082 1464 eommu-

293 1509 471 1582 nitatibuse
487 1504 617 1569 secluso
634 1520 749 1584 nempe
768 1504 842 1582 jure
857 1501 1012 1582 positivo,
1029 1501 1081 1579 ip-

293 1613 339 1674 sis
368 1609 462 1672 etiam
482 1607 674 1672 dictomodo
690 1612 887 1684 competeret
909 1603 1008 1666 libera
1024 1605 1082 1664 lto-

293 1727 409 1774 norum
442 1726 576 1774 suorum
608 1707 856 1770 administratio.
875 1728 890 1762 s
912 1705 971 1784 (lu.
1003 1703 1079 1768 ibid.

296 1831 326 1892 p.
344 1809 428 1888 281.)

806 381 823 444 J
829 381 918 442 tlttts'
935 379 1114 444 cuneatur
1134 381 1399 452 couraaolttlt.

1879 389 1932 458 iii

1133 497 1409 578 congregationis,
1424 500 1590 566 societatis
1608 501 1656 566 rel
1672 501 1836 578 instituti,
1848 503 1933 568 iutra

1134 595 1215 660 llnes
1233 601 1370 682 Europae
1382 602 1630 678 exsistentibus,
1653 604 1804 670 omnium
1823 623 1935 670 reram

1134 703 1165 758 et
1191 696 1350 762 bonerum
1382 702 1615 778 immobilium,
1643 722 1679 768 ac
1708 705 1934 785 pretiosorum

1135 797 1306 862 mobilium
1327 799 1583 878 alienationem,
1610 821 1771 888 omneque
1801 814 1932 887 paetum

1136 913 1192 976 per
1218 897 1306 978 quod
1337 897 1484 976 ipsorum
1514 900 1694 964 dominium
1720 900 1931 974 transfertur.

1135 1016 1253 1062 census
1281 1002 1472 1081 perpetuos,
1494 1021 1552 1066 seu
1570 1004 1735 1082 vitalitios,
1767 1005 1934 1087 hypothe-

1135 1115 1228 1175 cam,
1268 1100 1461 1164 locationem
1490 1111 1521 1166 et
1556 1107 1807 1170 conductionem
1850 1107 1934 1170 ultra

1135 1202 1338 1278 triennium,
1364 1204 1607 1270 concessionem
1636 1206 1670 1269 in
1700 1205 1860 1282 feudum,
1885 1209 1929 1270 vel

1135 1303 1388 1386 emphyteusim,
1405 1316 1616 1389 preterquam
1631 1309 1663 1370 iu
1680 1308 1812 1372 casibus
1832 1309 1931 1390 ajuro

1135 1405 1314 1484 permissis,
1334 1407 1402 1470 lteri
1422 1417 1585 1487 perpetuo
1609 1407 1855 1489 inbibatatqme
1881 1411 1930 1472 irr-

1135 1506 1414 1588 terdioit,absque
1443 1509 1547 1588 ipsius
1567 1527 1677 1589 congr.
1712 1510 1846 1574 Concil.
1874 1528 1930 1572 ex·

1137 1627 1245 1690 pressa
1262 1609 1394 1674 lieentia
1416 1611 1449 1674 in
1475 1612 1604 1692 seriptis
1624 1623 1656 1678 et
1681 1614 1781 1694 gratis
1816 1631 1930 1677 eonce-

1135 1713 1253 1788 denda,
1273 1715 1335 1776 sub
1358 1732 1448 1794 pmna
1475 1715 1668 1796 privationis
1690 1716 1844 1779 omnium
1866 1717 1930 1780 olli-

1135 1815 1258 1877 riorum
1285 1833 1358 1897 qum
1382 1826 1459 1880 tunc
1476 1817 1681 1887 obtinebunt,
1702 1817 1864 1898 vocisque
1878 1835 1926 1880 ac·

1135 1912 1208 1973 tire
1236 1920 1267 1976 et
1292 1913 1440 1992 pressive,
1459 1931 1495 1978 ac
1521 1923 1684 1995 perpetum
1710 1915 1926 1980 inhabilitatis

1134 2013 1172 2076 ad
1200 2013 1256 2077 illa
1278 2013 1488 2094 inposterum
1516 2016 1708 2091 obtinenda,
1734 2033 1837 2097 quam
1861 2017 1931 2096 ipso

293 1934 309 2006 Ι
325 1935 373 1994 ΙΙΙ.
387 1965 422 1978 -
437 1933 476 1992 be
488 1935 550 2005 jure
578 1931 694 2001 positivo
720 1931 792 1987 eires
816 1930 1084 1996 adntmistrptionem

506 2005 640 2060 bonorum
666 2001 868 2074 religiosorum.

333 2123 358 2186 Ι.
374 2122 452 2184 lure
469 2116 609 2198 positivo
622 2113 825 2196 regularibus
840 2123 870 2176 et
883 2114 1082 2177 monialibus
1134 2114 1217 2179 iacto
1228 2116 1350 2198 absque
1362 2115 1424 2178 alia
1437 2117 1847 2193 declarationeincurrant,
1857 2119 1930 2181 sul>

293 2222 441 2302 adempta
457 2219 518 2284 luit
535 2218 635 2282 libera
661 2220 819 2280 bonerum
834 2234 968 2280 suorum
983 2215 1083 2278 arlmi-
1135 2216 1197 2281 lala
1223 2218 1318 2281 etiam
1342 2219 1487 2300 generali
1505 2225 1536 2282 et
1558 2220 1732 2300 protectori
1751 2219 1846 2284 illam
1862 2238 1927 2284 mo-

294 2323 456 2398 uistratio,
472 2319 579 2403 quoad
597 2318 817 2383 immobilium
834 2333 960 2380 necnon
978 2317 1083 2380 mebi·
1135 2318 1266 2382 dereudi
1283 2335 1320 2382 ac
1335 2318 1502 2382 relaxandi
1515 2317 1679 2391 iacultate,
1690 2321 1794 2400 pmnis
1810 2319 1929 2386 nibilo-

294 2427 374 2490 lium
389 2420 939 2508 piretiosorumadministrationem.
952 2420 1080 2484 Etenim
1136 2418 1245 2481 miuus
1257 2418 1510 2496 apostolicarum
1522 2418 1796 2484 constitutionum
1813 2427 1930 2498 etpra-

295 2543 351 2604 per
372 2521 565 2588 decretalem
589 2520 784 2593 Ambitione,
812 2518 896 2581 iuter
919 2529 1081 2596 extravag.
1135 2521 1247 2584 sertim
1264 2519 1370 2586 felicis
1389 2522 1516 2586 record.
1531 2521 1622 2585 Pauli
1643 2522 1700 2595 lll,
1717 2539 1793 2604 qna)
1813 2522 1926 2601 incipit

293 2621 565 2698 communes,lib.
579 2639 629 2697 ru,
644 2620 947 2695 cannamelles,
965 2621 1083 2684 Paulus
1135 2622 1341 2698 Ambitiosa,
1365 2623 1398 2687 in
1434 2639 1496 2686 suo
1536 2621 1653 2687 robore
1692 2624 1924 2702 permansuris.

294 2746 375 2809 'rapa
391 2729 417 2790 ll
433 2728 576 2792 decrerit
602 2724 684 2788 circa
697 2723 871 2787 immobilia
898 2735 927 2786 et
941 2724 1085 2803 pretiosa

1136 2723 1360 2788 alienationes
1377 2741 1466 2797 vero,
1495 2731 1596 2804 pacta,
1624 2739 1743 2787 census
1767 2722 1926 2804 hypothe-

293 2828 425 2896 mabilia
440 2829 504 2891 lieo
521 2827 640 2898 dicato,
655 2825 689 2890 in
707 2825 794 2892 huuc
809 2824 993 2888 modum...
1009 2823 1082 2886 Om·
1136 2842 1200 2900 eas,
1219 2823 1406 2900 locationes,
1422 2824 1676 2899 conductiones,
1690 2831 1723 2887 et
1739 2823 1925 2887 eoncessio-

292 2931 382 2996 aium
409 2949 516 2992 rarum
554 2938 587 2992 er
617 2928 772 2993 bonoram
802 2927 1084 2990 ecclesiastieorum
1136 2944 1195 2992 nes
1212 2945 1427 3010 quascunque
1449 2934 1560 2990 contra
1577 2924 1769 3008 hujusmodi
1786 2923 1928 3006 prohibi·

293 3031 527 3104 alienationem,
539 3046 627 3091 amne
637 3036 763 3110 poetam
777 3044 836 3108 per
848 3025 931 3108 quad
943 3029 1085 3108 ipsoram
1135 3029 1258 3096 tionem
1274 3029 1450 3106 iaciendas,
1466 3027 1647 3094 sanctitatis
1661 3045 1729 3091 snm
1740 3027 1925 3091 auctoritato

294 3131 467 3194 dominium
496 3131 700 3209 transfertur,
716 3127 963 3198 coelestionem.
980 3127 1083 3206 hetto·
1136 3131 1209 3211 ipso
1222 3132 1297 3212 jure
1315 3130 1421 3194 nullas
1439 3139 1536 3212 atque
1556 3130 1665 3194 irritas
1680 3130 1840 3202 decrerit,
1866 3141 1924 3190 nou

293 3234 424 3305 tlteeam,
454 3227 640 3292 locationem
675 3239 702 3291 et
738 3227 976 3292 conductionem
999 3226 1085 3288 altra

294 3333 479 3406 trienninm,
494 3347 621 3394 necnon
637 3327 950 3394 infeudatiouemvel
961 3335 1086 3388 contra·

294 3444 380 3499 ctum
392 3432 680 3514 emphyteuticum,
694 3438 905 3512 preterquam
916 3429 950 3491 in
962 3425 1087 3490 casibus

293 3531 584 3615 ajnrepermtssts,
607 3539 636 3593 et
652 3548 722 3592 anns
734 3525 935 3590 eeclesiarum
951 3525 1086 3588 euidenti

292 3635 445 3708 utilitate,
461 3651 498 3694 oc
515 3630 553 3694 de
580 3629 741 3713 [ruatibus
766 3639 795 3691 et
812 3629 903 3692 boaria
925 3645 992 3709 qna
1019 3642 1085 3688 sem

294 3730 396 3794 rande
410 3731 535 3795 servari
548 3737 686 3810 possunt
689 3774 750 3792 .....
777 3728 848 3810 fieri
869 3725 1084 3809 probibemus.

293 3835 433 3912 insuper
457 3831 592 3896 annulat
622 3827 768 3908 pontifex
794 3835 976 3892 contractus
1002 3843 1086 3905 quos

294 3930 461 4012 prohibete
478 3937 509 3996 el
526 3930 573 3996 sir.
588 3929 692 4008 pergit
711 3943 719 3989 :
735 3927 898 3990 Alienanti
915 3944 989 3988 rere
1005 3925 1087 3988 bona

295 4033 511 4105 ecelesiarum,
527 4031 791 4092 monasteriorum
806 4027 1007 4108 lacerantque
1014 4029 1088 4108 pio·

294 4153 367 4196 rum
382 4130 606 4212 quorumlibet,
623 4127 803 4193 inconsulto
824 4128 962 4192 Romano
974 4129 1086 4206 ponti-

295 4237 564 4316 eenamcenam
590 4229 756 4311 prasentia
782 4229 1020 4292 constitutionis
1044 4237 1086 4289 te-

296 4352 406 4400 norem
419 4335 448 4400 ri
466 4329 657 4414 pontificali,
669 4349 725 4392 ren
733 4327 887 4392 abbatiali
901 4330 1087 4411 prefulgent

296 4435 463 4516 diatritam,
478 4435 639 4514 inprecans
660 4431 796 4494 ecelesia
814 4429 858 4493 rit
886 4430 1014 4510 penitus
1035 4429 1087 4489 in·

297 4533 462 4599 terdictus.
478 4533 514 4596 Si
526 4548 585 4613 per
608 4549 666 4594 ara
674 4549 831 4592 menses...
858 4530 962 4594 animo
975 4547 1086 4610 perse-

296 4635 451 4702 rerarrrrit
467 4631 671 4705 indurato...,
691 4650 706 4692 e
723 4631 876 4710 sepimine
901 4640 929 4694 et
948 4631 1086 4694 admini-

297 4738 456 4804 stratione
482 4751 548 4803 arro
578 4731 775 4803 ecclesiaeel
800 4735 1024 4797 maacrterii...
1045 4733 1087 4794 sil

298 4859 333 4904 ro
351 4841 422 4918 ipso
436 4853 619 4919 ruspensem.
639 4836 676 4899 lu
692 4843 824 4900 caeteros
840 4835 1018 4915 alienantes
1033 4838 1088 4898 ‹le-

298 4940 402 5007 ceruit
417 4935 563 5019 pontiier
574 4953 697 5018 posnam
713 4935 901 5016 privationis
912 4935 1085 5007 abofficiis,

298 5036 1087 5122 dignitatibusbeueiroiiseladministrationibus.

339 5142 431 5208 «ilie
458 5143 478 5204 *l
508 5138 706 5221 Septembris
735 5137 838 5215 teat,
869 5153 950 5202 saer.
975 5154 1086 5218 congr.

299 5239 430 5308 lJoucil.
452 5238 571 5304 Urbani
588 5237 778 5320 Vllljussu,
794 5237 958 5302 decretum
986 5237 1088 5301 edidit

299 5341 421 5410 tenoris
437 5343 605 5424 sequentis
623 5359 631 5404 ε

335 5467 355 5506 e
374 5446 460 5511 Sara.
474 5460 626 5526 aongr...,
640 5443 775 5527 speciali
793 5443 991 5510 sanctissimi
1022 5445 1088 5508 llo·

299 5545 382 5610 mini
407 5545 633 5628 nostriJ'ussu.
656 5546 866 5626 generalibus
883 5543 933 5612 rel
955 5547 1090 5626 provin-

299 5646 442 5715 cialibus
457 5645 610 5728 capitulis
623 5646 675 5712 vel
691 5645 1015 5729 congregationibus,
1029 5647 1087 5711 ab·

183 5805 189 5814 .
300 5747 438 5823 batibus,
456 5748 677 5828 generalibus,
698 5755 730 5810 et
746 5747 998 5830 quibuscunque
1014 5749 1087 5812 aliis

299 5848 525 5928 superioribus
546 5848 747 5929 regularibus
769 5848 914 5929 cujusvis
939 5851 1084 5926 ordinis,

1138 3231 1355 3306 obstantibus,
1373 3241 1435 3294 etc.

1178 3334 1288 3396 «Cum
1304 3339 1377 3414 post
1396 3333 1520 3396 editum
1533 3332 1699 3396 decretum
1715 3333 1835 3407 istud,
1849 3346 1924 3394 eom·
1999 3393 2000 3396 ,

1137 3440 1264 3514 pertum
1280 3435 1321 3498 sit
1337 3436 1543 3515 regulares...
1567 3434 1640 3500 loco
1654 3451 1813 3498 censuum
1836 3449 1925 3513 pecu·
1999 3479 2000 3486 .

1138 3533 1207 3596 nias
1221 3533 1259 3596 ad
1277 3533 1455 3608 cambium,
1471 3535 1521 3597 vel
1545 3541 1659 3596 mutuo
1682 3532 1832 3611 accipere
1857 3547 1922 3593 curn
1999 3529 2000 3538 ’

1138 3634 1302 3700 solutione
1321 3634 1402 3700 lueri
1418 3637 1575 3700 cessantis
1595 3642 1626 3698 et
1638 3633 1746 3698 daurni
1760 3649 1924 3711 crrrergen·

1139 3736 1221 3798 tis...
1235 3738 1321 3800 sacr.
1337 3751 1447 3817 congr.
1464 3737 1502 3799 el
1527 3735 1632 3800 llartii
1660 3737 1750 3803 loeo.
1781 3737 1813 3800 S.
1835 3739 1872 3800 u.
1889 3735 1920 3796 ll.

1138 3835 1352 3917 approbante,
1386 3837 1518 3900 dictavit
1550 3844 1581 3902 ct
1619 3835 1792 3903 declaravit
1815 3836 1923 3916 hujus·

1139 3937 1226 3999 modi
1246 3945 1443 4002 contractum
1480 3955 1552 4001 esse
1578 3947 1686 4001 contra
1713 3947 1853 4002 mentem
1875 3938 1922 4002 tle·

1139 4037 1217 4100 creti
1236 4045 1382 4116 utsupra
1403 4038 1502 4111 editi;
1521 4037 1660 4119 ideoque
1676 4054 1739 4099 uon
1755 4035 1855 4100 licere
1878 4053 1923 4098 re·

1139 4139 1308 4218 galeribus
1326 4139 1483 4220 pecunias
1507 4147 1541 4202 ut
1564 4141 1921 4220 proponituraaciprre,

1139 4257 1174 4302 ac
1206 4239 1235 4304 sl
1264 4242 1459 4322 acceperint,
1488 4241 1521 4306 in
1544 4241 1649 4321 ipsius
1673 4241 1793 4306 decr'eti
1821 4256 1922 4322 poenas

1140 4340 1309 4420 ipsolacto
1326 4343 1482 4407 incidere.
1510 4368 1523 4402 ι

1178 4443 1217 4508 ll.
1231 4443 1307 4521 Qua
1333 4447 1399 4508 sint
1414 4444 1612 4509 immobilia?
1628 4479 1666 4492 -
1683 4469 1697 4504 a
1715 4443 1856 4510 Nomine
1870 4443 1922 4506 iru-

1141 4544 1311 4608 mobilium
1332 4545 1468 4610 veniunt
1484 4547 1593 4610 omnia
1618 4564 1691 4628 quse
1709 4547 1780 4610 loco
1808 4541 1920 4608 moveri
1996 4529 1997 4534 ’

1141 4663 1206 4711 nou
1223 4655 1423 4728 possennus
1446 4647 1576 4728 prmdia,
1598 4649 1729 4725 domus,
1743 4647 1812 4729 agri
1840 4656 1871 4709 et
1886 4643 1922 4706 si-

1141 4749 1243 4813 milia.
1264 4751 1302 4812 Et
1328 4757 1487 4830 quantum
1519 4750 1558 4813 ad
1593 4767 1763 4830 presens,
1794 4748 1921 4812 veniunt

1141 4849 1237 4913 etiam
1255 4849 1386 4913 nomine
1409 4849 1630 4915 immobilium
1646 4852 1824 4915 servitutes
1852 4864 1920 4930 prte-

1141 4950 1284 5026 diorum,
1304 4958 1336 5014 et
1347 4949 1422 5032 jura
1438 4949 1598 5031 piscandi,
1616 4951 1769 5027 venandi,
1781 4959 1814 5014 et
1841 4947 1921 5012 simi·

1142 5049 1235 5128 lia...,
1251 5068 1369 5116 census
1380 5059 1411 5116 et
1426 5051 1528 5117 annui
1543 5053 1740 5128 redditus...,
1751 5051 1828 5132 jura
1841 5061 1870 5114 et
1879 5067 1921 5113 ac·

1143 5155 1247 5220 tiones
1256 5153 1297 5219 ad
1313 5153 1531 5220 immobilia...
1546 5162 1768 5219 certasumma
1785 5151 1922 5234 pecunia

1141 5253 1325 5333 specialiter
1341 5255 1491 5334 deputata
1509 5253 1548 5322 ad
1563 5253 1761 5336 emptionem
1776 5253 1919 5316 immolr-

1141 5356 1235 5432 lium,
1252 5371 1411 5420 censuum
1434 5353 1487 5420 vel
1503 5356 1676 5420 mobilium
1693 5353 1918 5436 pretiosorum.

1141 5455 1193 5522 vel
1212 5458 1252 5522 ad
1266 5457 1485 5522 aedificandam
1501 5456 1691 5535 eeclesiam,
1711 5463 1766 5520 aul
1783 5473 1844 5538 pro
1857 5470 1919 5534 gra·

1143 5552 1735 5620 cissimisecclesianocessitatibus...
1749 5554 1917 5633 »liranus

1141 5653 1228 5717 verb.
1248 5652 1419 5727 alienatio,
1440 5669 1498 5718 art.
1517 5657 1547 5729 l,
1563 5671 1595 5718 n.
1609 5657 1671 5717 3et
1684 5654 1769 5737 seq.)

1179 5753 1236 5816 tlt.
1259 5753 1336 5831 Quor
1356 5757 1421 5820 rint
1446 5757 1574 5820 orabilis
1593 5755 1757 5836 pretiose?
1780 5777 1848 5810 -r
1869 5755 1919 5816 tta-

1143 5853 1228 5916 miuc
1257 5854 1425 5921 mobilium
1458 5858 1671 5937 pretiosorum
1701 5873 1772 5936 qua
1797 5851 1917 5918 alierrrri
