4008 6460
268 383 308 470 ei
663 383 691 396 ”
797 381 1448 456 tutttsctttotuctcollectorum.¹
1555 381 1561 435 t
1869 385 1911 454 53

271 513 415 592 offensae,
443 521 477 578 ut
491 531 562 578 eum
575 493 758 594 ¹percutitur
770 510 845 572 licet
860 507 975 570 leviter
989 505 1061 586 epi·
1117 502 1284 567 absolvere
1316 507 1355 568 ab
1369 503 1427 566 lrac
1453 501 1787 566 excommunicatione
1800 491 1910 567 'etism

272 623 404 696 scopus,
431 615 581 686 a-bbas,a
605 613 735 677 subdito
759 611 840 672 suus
866 610 1061 686 superior-‚a
1116 606 1328 670 contractaob
1348 605 1593 685 percussionem
1610 605 1910 677 enormem;modo

272 716 339 781 fllio
355 735 435 779 suus
462 725 560 798 pater,
583 733 599 776 a
622 711 784 791 discipulo
800 727 881 772 suus
897 708 1059 788 magister.
1117 721 1182 768 non
1204 706 1247 768 sit
1263 706 1430 787 permissio
1455 706 1564 769 clerici
1591 705 1766 768 secularis.

272 807 1061 894 (C.(remillommdmlcsentcns.reconciba-
1156 811 1317 874 Moniales
1359 818 1515 888 exemptse
1547 807 1684 888 possunt
1711 805 1834 868 absolvi
1865 805 1909 868 ab

272 919 361 981 tione
379 919 436 982 loci
455 918 487 978 in
502 932 566 996 quo
581 913 769 984 offenditur,
785 931 858 976 cum
875 913 907 974 lit
920 909 1061 991 publice,—
1117 909 1175 973 bac
1206 912 1537 975 excommunicatione
1566 926 1583 971 a
1602 911 1672 970 suis
1687 906 1825 986 prelatis
1853 925 1910 969 re·-

272 1019 363 1100 r.gr.
384 1019 418 1080 in
437 1017 570 1091 theatro,
588 1017 621 1078 in
644 1015 727 1089 loro,
752 1014 784 1076 in
807 1020 981 1092 conspectu
1003 1027 1064 1073 su··
1116 1011 1299 1096 gularibus;
1333 1032 1396 1077 non
1411 1021 1566 1092 exemptae
1596 1011 1636 1073 ab
1657 1009 1845 1072 ordinariis.

271 1119 422 1201 perieris,
448 1117 581 1195 judicis,
605 1116 637 1179 iu
654 1115 848 1188 ecclesia,in
862 1111 1060 1176 coemeterio.

271 1219 330 1299 siis
344 1231 413 1296 cap.
430 1215 495 1294 Qui
507 1217 609 1290 souis,
621 1231 716 1278 causa
732 1215 781 1287 i'i,
805 1222 920 1293 quaest.
935 1211 980 1293 le.)
1901 1261 1905 1268 .

275 1323 284 1338 ²
307 1319 338 1380 2.
362 1315 538 1380 Mediocris
561 1322 622 1391 est,
640 1333 712 1396 que
733 1315 764 1376 lit
792 1331 868 1377 cum
893 1313 1061 1376 relictione
1156 1320 1180 1382 1.
1199 1341 1213 1375 r
1231 1318 1306 1394 Qnae
1323 1319 1366 1380 sit
1383 1335 1472 1397 paeon
1486 1317 1597 1378 clerice·
1626 1315 1724 1376 etiarm
1738 1313 1833 1374 ettam
1850 1311 1908 1374 102⁰.

1259 1179 1328 1254 Η.
1357 1211 1391 1222 -
1413 1180 1452 1236 oe
1473 1179 1575 1238 crerico
1595 1193 1769 1251 percussore,

270 1417 416 1492 necate,
433 1435 492 1480 seu
509 1416 596 1498 steni
613 1415 650 1479 iu
674 1432 809 1496 corpore
835 1415 908 1476 sine
933 1414 1062 1477 mutilu-
1115 1437 1186 1484 cam
1205 1421 1318 1482 attane
1330 1419 1601 1498 percertenrtsr-
1626 1417 1724 1494 uesp.
1741 1431 1770 1476 e.
1784 1413 1820 1475 st
1836 1413 1907 1492 qen

217 1508 222 1516 ’
270 1515 374 1595 lione,
399 1527 455 1581 aut
479 1515 751 1590 lethaiivulnere,
780 1522 815 1578 ut
841 1516 961 1596 queitt
988 1531 1062 1578 cum
1117 1501 1815 1598 tmeetertrcpernissore.Primojubemr
1841 1529 1910 1573 cor·
2001 1541 2002 1550 κ

270 1615 431 1694 dentium,
448 1627 503 1683 aut
525 1627 639 1700 magna
662 1617 856 1696 capillorum
878 1617 1061 1694 evulsione,
1116 1621 1180 1700 'ripi
1199 1635 1257 1699 pro
1281 1635 1417 1682 excessu
1441 1614 1660 1697 percussionis
1691 1617 1723 1675 et
1750 1609 1907 1692 qualitate

271 1722 465 1786 eumcarnis
482 1721 737 1802 suppellatione,
763 1740 837 1785 oum
865 1737 960 1800 porra
990 1737 1062 1784 san·
1116 1719 1240 1796 delicti,
1256 1737 1292 1782 ac
1308 1718 1530 1799 delinquentis
1545 1721 1585 1779 ad
1611 1713 1780 1778 arbitrium
1807 1727 1909 1792 supre-

271 1821 383 1902 gulnis
409 1821 601 1899 effusione,
629 1839 703 1886 curu
738 1822 850 1886 rultns
875 1821 1060 1898 testatione,
1116 1819 1234 1897 rioris;
1261 1819 1333 1884 etsi
1352 1835 1415 1882 riou
1432 1814 1752 1896 resipueritdeponi.
1771 1814 1817 1875 Es
1840 1826 1906 1891 quo

272 1917 413 1981 'restium
437 1915 687 1995 attractionem
707 1919 883 1983 similibus.
1116 1921 1283 2004 sequitur:
1299 1922 1331 1983 t·
1350 1921 1484 1997 Quodsi
1511 1935 1547 1982 se
1579 1914 1810 1986 emendaverit,
1842 1929 1906 1976 nou
2001 1965 2002 1968 ,

311 2019 341 2080 3.
366 2019 517 2083 Enormis
530 2025 673 2102 estque
686 2020 718 2083 iit
730 2038 804 2084 cum
822 2019 1061 2098 vulneratione,
1116 2023 1159 2086 sit
1177 2021 1405 2102 deponendus.
1436 2021 1473 2082 ur
1502 2018 1580 2081 binc
1608 2015 1727 2079 iterum
1753 2013 1908 2094 sequitur

272 2118 490 2193 mutilatione,
504 2127 561 2184 aut
575 2137 687 2200 magna
701 2119 873 2200 sanguinis
888 2105 1073 2197 allusione,⁰
1116 2123 1152 2184 2·
1171 2138 1235 2186 non
1251 2137 1323 2185 esse
1338 2121 1567 2201 deponentium
1580 2117 1735 2181 clericum
1750 2115 1791 2178 de
1803 2113 1908 2194 gradu

272 2233 338 2280 non
369 2235 387 2280 a
412 2217 557 2294 naribus,
574 2218 663 2281 seda
683 2232 799 2296 magno
828 2216 963 2280 vulnere
985 2232 1064 2296 pro·
1116 2231 1150 2286 et
1169 2231 1252 2286 statu
1289 2221 1431 2286 clericuli
1456 2219 1743 2301 propterunicem,
1760 2217 1810 2280 vel
1826 2217 1909 2280 alte·

272 2317 594 2401 venientetocum
622 2318 751 2381 illorum
777 2318 828 2392 32,
858 2319 902 2379 De
927 2325 1060 2380 mimi·
1117 2339 1185 2388 ram
1211 2321 1393 2404 simplicem
1428 2321 1694 2402 percussionem:
1721 2317 1800 2400 quia
1837 2327 1908 2395 post

272 2420 406 2500 excom.)
1118 2423 1355 2503 correptionem
1387 2423 1601 2503 exspectanda
1615 2430 1663 2484 est
1690 2419 1907 2482 emendatio.»

311 2522 342 2584 le.
361 2521 551 2585 inerticula
576 2520 689 2584 mortis
715 2529 747 2584 et
772 2521 807 2584 in
842 2519 988 2582 absentia
1009 2537 1065 2582 sua
1158 2525 1486 2606 «Excipitnrautem,
1503 2521 1681 2586 siclericus
1698 2521 1841 2601 aliquem
1857 2519 1907 2581 le-

272 2623 423 2703 perioris,
442 2623 481 2684 ad
499 2623 648 2703 quemde
665 2623 871 2702 jurespectat
886 2619 1062 2696 absolutio,
1117 2625 1257 2699 thaliter,
1287 2623 1336 2688 rel
1368 2623 1546 2687 enormiter
1583 2621 1812 2701 percussisset;
1835 2635 1908 2681 riam

273 2719 412 2800 quilibet
439 2720 589 2783 sacerdes
607 2727 712 2800 potest
745 2721 914 2783 absolvere
943 2717 983 2782 au
1006 2717 1064 2782 het
1118 2727 1172 2792 tric
1194 2727 1255 2790 etsi
1293 2725 1380 2789 istuc
1399 2724 1455 2787 -vet
1485 2725 1588 2788 semel
1610 2731 1733 2786 tentum
1760 2721 1908 2796 lecisset,

272 2819 621 2893 excommunicatione,
636 2819 733 2881 ellim
746 2835 803 2898 per
818 2819 1064 2898 Pil⁰¹¹⁸⁵i⁰¹¹⁰m
1119 2827 1332 2909 deponendus
1357 2833 1454 2901 esset,
1481 2828 1576 2890 etiam
1601 2825 1673 2887 siue
1706 2823 1772 2886 ulla
1799 2823 1908 2886 urem-

273 2932 439 2979 enormem
466 2923 635 2988 contracte,
674 2915 963 2996 sicurieqmtibet
986 2917 1063 2993 alia,
1116 2931 1253 2996 riona„
1288 2932 1378 3010 (Arg,
1404 2945 1474 2990 0³11,
1508 2926 1604 3006 prim.
1627 2925 1702 2989 oisc,
1731 2926 1790 3002 253
1816 2930 1850 2986 et
1877 2942 1908 2989 e.

272 3036 346 3081 eum
375 3035 487 3092 onere,
522 3025 558 3080 ut
582 3018 693 3097 elapso
724 3019 869 3100 periculo
894 3019 1063 3082 absolutus
1117 3029 1315 3102 pretence,
1333 3024 1719 3105 Declericopercussorc.)

274 3126 455 3198 compareat
468 3119 750 3200 coramsuperiore
765 3120 804 3181 ad
821 3121 1063 3200 exsequendum
1158 3131 1201 3194 lt.
1219 3152 1237 3189 s
1261 3129 1435 3206 Quoeritur,
1450 3128 1574 3208 qnando
1590 3127 1724 3192 clericus
1739 3141 1912 3206 percussor

276 3223 362 3301 quod
379 3219 434 3284 ille
448 3218 691 3300 ttroesctillsttil·
708 3221 754 3302 (C.
767 3222 831 3284 Eos
843 3223 909 3304 qui,
924 3223 970 3282 De
991 3239 1062 3284 sell-
1119 3231 1234 3311 deponi
1241 3230 1342 3310 possit
1351 3229 1444 3290 etiam
1454 3227 1490 3289 ob
1496 3229 1730 3306 percussionem
1738 3243 1803 3287 non
1819 3243 1912 3287 enor-

273 3333 352 3385 sent.
367 3339 485 3383 excom.
498 3322 532 3383 iu
547 3321 578 3397 6;
588 3329 620 3384 et
635 3322 1064 3398 coenomanensem
1115 3331 1364 3408 racemi-Resp.
1382 3331 1484 3401 Tunc,
1495 3327 1625 3408 quando
1638 3325 1911 3390 consuetudinem

276 3432 408 3487 sentent.
436 3441 556 3485 excom.
579 3424 665 3485 inter
690 3423 866 3502 Estraoap.
897 3421 1063 3502 commun.)
1115 3428 1213 3490 babet
1229 3427 1444 3507 percutiendi,
1470 3425 1512 3488 ita
1531 3435 1565 3497 ut
1580 3425 1673 3488 facile
1692 3426 1843 3505 procedat
1871 3426 1912 3488 ad

314 3525 345 3586 5·
376 3526 471 3598 Extra
507 3522 680 3586 diliculum
711 3523 823 3585 mortis
861 3529 995 3600 POSStlltl
1026 3521 1065 3584 ab
1119 3529 1265 3600 verbera,
1288 3527 1462 3605 ettamtpro
1484 3525 1628 3588 minimis
1648 3527 1758 3600 rebus,
1776 3541 1912 3603 presser-

275 3623 614 3686 excorumunicatione
651 3621 784 3684 cationis
806 3621 1066 3701 ctiamperper·
1116 3628 1175 3691 tim
1196 3629 1309 3708 juncto
1332 3627 1502 3700 scandatur
1537 3625 1687 3699 namblc,
1711 3627 1738 3687 sl
1762 3625 1913 3687 admont.

271 3725 460 3788 'oussionem
476 3725 670 3788 mediocrem
686 3732 892 3788 etenormem
905 3730 1066 3785 contracta
1119 3738 1172 3793 tus
1196 3747 1230 3792 se
1262 3746 1326 3792 non
1341 3729 1530 3799 correxerit,
1548 3745 1612 3791 non
1627 3727 1722 3792 debet
1738 3726 1773 3790 in
1792 3729 1910 3806 gradu,

274 3825 444 3889 absolvere
473 3826 570 3904 legali
602 3823 735 3887 tillieto
763 3839 875 3886 omnes
893 3824 1081 3886 auderunt
1120 3849 1177 3894 seu
1200 3829 1434 3893 statuclericali
1460 3846 1659 3910 permanere,
1683 3845 1754 3890 cum
1774 3828 1912 3891 clericos

275 3943 340 4006 que
378 3925 604 3988 advenientes.
633 3924 679 4003 (C.
715 3920 1066 3994 decernendumve
1116 3932 1235 3994 deceat
1269 3931 1406 3993 imitatio
1447 3930 1709 4010 martsuetudinis
1747 3929 1911 3994 Christi.»

197 4035 201 4040 “
274 4034 410 4088 sentent.
436 4031 569 4104 excom.)
585 4025 697 4104 Legati
723 4031 831 4086 autem
859 4021 963 4097 missi,
995 4021 1065 4086 siue
1124 4031 1294 4112 (plemen.
1328 4031 1394 4108 hle,
1422 4046 1454 4094 n.
1485 4032 1526 4100 23
1555 4032 1671 4094 Konrc.
1698 4028 1777 4094 idid.
1810 4047 1844 4092 n.
1873 4031 1912 4106 ²t

275 4127 383 4190 nurrtii
410 4125 580 4206 apostolici
606 4131 743 4205 possunt
765 4123 871 4187 solum
900 4121 1066 4188 absolvere
1113 4136 1330 4196 vfcnnnmcn.
1357 4134 1401 4192 De
1426 4129 1542 4194 clerice
1565 4147 1764 4210 percussore,
1791 4147 1826 4194 n.
1846 4129 1914 4205 Qu

273 4247 343 4301 eos,
361 4231 416 4307 nui
447 4239 523 4291 sunt
554 4229 587 4290 in
603 4225 853 4306 provinciasuae
877 4222 1060 4303 legationis.
1108 4241 1151 4298 et
1168 4232 1230 4314 m.)

275 4328 451 4410 (Expressa
487 4329 654 4410 colligitur
683 4345 722 4391 ex
752 4342 787 4390 e.·
813 4325 985 4390 Penultim.
1021 4326 1068 4390 De
1113 4373 1116 4378 .

277 4428 502 4511 officthqmt)
1053 4487 1057 4500 Ι
1421 4393 1537 4454 CAPUT
1559 4396 1603 4452 Vl.
1642 4431 1644 4436 ·

275 4551 279 4558 -
315 4531 345 4591 fi,
358 4531 451 4594 Em
462 4530 574 4593 mostis
585 4528 757 4593 „ticulum
767 4536 903 4609 possum
918 4529 1066 4611 episcopi
1118 4515 1160 4572 De
1170 4513 1274 4572 clericis
1281 4515 1369 4586 quood
1387 4512 1456 4569 ione
1472 4514 1651 4570 eeclesiastico
1664 4520 1688 4568 et
1699 4513 1912 4572 eorumreditus.

274 4630 444 4694 absolvere
471 4631 511 4694 ab
537 4630 595 4694 bae
624 4631 960 4696 excommunicatione
987 4649 1067 4696 con·
1112 4673 1114 4682 ι
1161 4627 1414 4693 LClericibona
1430 4627 1916 4708 ecclesiasticanequeuutebs·

273 4737 375 4793 tracta
396 4730 437 4793 ob
460 4731 703 4809 percussionem
721 4731 825 4794 levem
843 4731 939 4796 etiam
957 4733 1067 4812 publi·
1112 4749 1186 4813 ·que
1210 4731 1294 4811 juris
1312 4729 1560 4792 formalitatibus
1593 4730 1733 4792 rendere
1752 4733 1801 4793 rel
1830 4730 1915 4794 elie-

274 4848 359 4894 ·cum.
379 4831 425 4912 (C.
453 4831 602 4895 Peruenit
622 4833 673 4907 tt,
688 4832 734 4893 De
761 4843 896 4896 sentent.
931 4837 1066 4914 aecem.)
1123 4842 1257 4906 nera;et
1271 4832 1500 4913 delinquentes
1516 4829 1669 4894 onttubus
1691 4830 1792 4911 penis·
1808 4833 1915 4912 ajure

271 4936 303 4996 Ἀ
326 4941 487 4998 rorrtracta
521 4951 598 4998 vero
614 4935 656 4998 ob
683 4935 926 5014 percussionem
943 4938 1067 5001 medio·
1121 4933 1434 5015 latissubjiciuntur.
1447 4934 1541 5009 Quod
1555 4932 1627 4995 ride
1643 4932 1915 5012 tio.ttt,cap.tx,

274 5038 411 5095 cremet
435 5049 601 5095 enormem
636 5040 772 5112 possunt
799 5035 966 5099 absolvere
995 5045 1066 5100 tan·
1122 5035 1234 5108 tomi,
1249 5052 1279 5114 p.
1290 5033 1539 5108 cammunti,
1556 5033 1730 5113 eap.Xt',t
1743 5031 1775 5109 3,
1792 5038 1871 5096 tom.
1884 5034 1913 5110 l,

278 5133 466 5207 tummodo,
489 5131 518 5194 si
545 5133 589 5196 sit
611 5133 747 5204 occulta,
768 5151 808 5197 ex
824 5135 969 5200 i'rideut.
985 5151 1067 5201 sess.
1122 5154 1156 5220 p.
1171 5137 1263 5201 aaut.

272 5231 327 5308 at,
346 5233 392 5294 De
417 5233 548 5315 reform.
576 5249 647 5312 cap.
666 5233 1066 5317 outsitueritpubtim,
1108 5261 1112 5268 ·
1160 5238 1202 5302 il.
1232 5238 1370 5302 lteditus
1398 5234 1584 5316 superfluos
1615 5235 1776 5300 bonorum
1809 5235 1914 5300 amris·
2001 5251 2002 5270 ¹

271 5329 416 5414 possunt
441 5335 611 5400 absolvere
635 5335 1070 5422 impeditoseecuudumju·
1121 5335 1915 5416 siasticornmtenenturelericiinpinsususcro'·
2001 5383 2002 5428 ,

278 5437 532 5502 rissanctionea.
1110 5461 1197 5528 ¹[aare
1211 5465 1220 5521 ς
1235 5441 1322 5524 quod
1345 5441 1417 5504 ride
1432 5441 1518 5520 apud
1529 5439 1698 5520 theologos
1713 5439 1911 5504 morettsus.
2001 5429 2002 5464 ³

318 5539 350 5602 ³1.
376 5539 498 5602 Preelati
531 5541 696 5621 regulares
716 5537 787 5623 (pro
808 5539 930 5621 quibus
958 5539 1070 5606 iubeo
1163 5541 1375 5610 ill.«Clerici
1396 5543 1435 5605 de
1450 5542 1608 5608 reditibus
1630 5539 1914 5605 sulsaeelosiasti·

279 5645 345 5706 non
356 5645 488 5704 reiciunt
503 5641 816 5721 superiorestocules
833 5647 1067 5716 conventuum,
1123 5649 1170 5711 cis
1184 5653 1319 5726 possunt
1331 5642 1434 5704 locere
1449 5642 1642 5708 donationes
1654 5642 1692 5703 sd
1705 5640 1913 5719 placeamus,
2001 5677 2002 5688 r

281 5757 319 5802 ex
350 5742 479 5806 decreto
497 5743 690 5806 visitationis
718 5743 955 5820 eprostottceettl
982 5747 1068 5806 tlar-
1125 5747 1200 5810 item
1215 5743 1487 5806 remuneratorius
1502 5743 1757 5821 proportionales
1771 5742 1913 5813 ruer-tur,

282 5844 319 5905 tii
334 5844 419 5923 tout)
443 5855 577 5925 possunt
593 5861 672 5908 suos
699 5843 846 5906 subditus
862 5854 893 5907 et
927 5847 1068 5910 ttoririos
1127 5863 1190 5910 iton
1220 5853 1327 5910 etitem
1344 5842 1509 5926 pr·olanus;
1537 5842 1671 5923 quodsi
1693 5843 1725 5904 id
1747 5839 1913 5906 iaciantin

1561 5965 1772 5974 ..-Μ-η
