4044 6458
308 280 398 398 ae
854 325 967 390 annis
980 322 1156 387 ornemur
1171 323 1432 390 comannorum
1568 373 1571 382 Δ
1852 337 1902 404 an

315 459 407 524 pruna
423 438 546 521 possint
559 436 746 501 concedere?
758 469 795 482 -
809 437 903 515 ilesp.
920 437 966 498 Ex
982 451 1051 512 cop
1064 433 1095 505 il.
1153 448 1208 510 ste,
1226 436 1345 517 quibus
1367 438 1411 500 de
1425 437 1513 514 dole,
1529 444 1560 503 et
1583 443 1709 519 propiet
1727 444 1840 523 nuptias
1856 451 1903 515 do-

317 542 365 606 tit.
380 555 447 612 xm,
464 537 520 600 lib.
532 534 718 612 ineenset,
729 539 760 598 et
774 550 812 598 ox
825 533 986 598 communi
1000 531 1099 596 inter·
1151 537 1294 614 natione,
1305 538 1343 600 de
1356 537 1554 603 hereditoria
1565 540 1776 618 successione,
1790 547 1901 614 elimen-

317 636 612 722 pretnmdoctrins,
638 635 874 700 restitutionem
891 634 1097 710 iuinlegrum
1150 635 1204 724 tis,
1228 640 1265 698 et
1292 635 1454 700 similibus
1481 637 1605 716 agiture
1640 647 1675 702 ut
1700 656 1739 704 ex
1763 653 1901 714 communi

316 743 451 822 possunt
485 737 660 800 concedere
696 734 857 815 episcopi,
897 732 1015 813 prcelati
1042 732 1099 813 jn·
1149 751 1248 798 sensu
1271 733 1362 800 docet
1381 735 1722 813 Bellarminns,eio....
1751 741 1902 822 Excipitur,

316 839 532 904 risdiotionem
549 835 640 916 quasi
655 834 868 914 episcopalem
883 834 1050 906 babentes,
1066 839 1098 896 et
1149 837 1213 902 nisi
1231 838 1415 916 huJusmodi
1439 839 1576 919 questio
1601 838 1719 904 ineidat
1742 840 1772 904 ln
1796 861 1903 912 aaa„

316 939 516 1022 probabilius
546 938 642 1000 etiam
669 936 778 999 ricerii
807 935 990 1014 generalese¹
1019 934 1097 996 item
1150 937 1415 1001 matrimonialem
1442 937 1904 1020 propriedictom,qnuprinei-

311 1042 437 1123 iudices
458 1037 593 1118 delegati
616 1054 688 1101 cum
709 1037 841 1118 speciali
863 1036 1025 1110 mandato,
1045 1034 1097 1097 rel
1148 1034 1262 1115 paliter
1275 1035 1429 1114 agitatur,
1455 1037 1516 1100 hoe
1531 1037 1616 1101 enim
1636 1053 1725 1109 casu,
1740 1055 1904 1118 cognoscere

313 1141 443 1218 unapdo
457 1136 492 1202 in
507 1136 639 1216 negotio
656 1137 736 1216 ipsis
762 1137 934 1201 commisso
953 1135 1098 1199 inciden·
1150 1135 1191 1198 de
1208 1135 1395 1217 hujusmodi
1413 1140 1518 1201 causis
1544 1145 1575 1203 et
1604 1139 1806 1218 pronuntiem
1823 1143 1904 1222 iudex

314 1247 362 1304 ter
386 1237 542 1316 contingit
568 1239 706 1319 qumodo
726 1235 940 1302 restitutionis
964 1235 998 1296 in
1017 1234 1099 1296 inte·
1149 1234 1386 1301 ecclesiasticos
1434 1244 1594 1318 potesis
1643 1239 1848 1319 (Senatores.
1877 1246 1903 1310 ie

313 1357 417 1421 grum.
447 1342 526 1404 llam
554 1340 720 1420 delegatus
753 1339 791 1403 ad
823 1336 1095 1401 universalitatem
1150 1332 1200 1399 lit.
1225 1351 1320 1412 xxnx,
1342 1335 1397 1399 lib.
1420 1353 1451 1399 rr
1476 1335 1629 1399 Decretci.
1657 1353 1691 1398 n.
1718 1337 1738 1398 il
1761 1345 1790 1400 el
1810 1339 1849 1419 l.)

313 1456 492 1516 causarum,
517 1445 550 1504 ot
572 1438 769 1505 territorium
795 1438 917 1502 babens
940 1453 1013 1502 eum
1038 1435 1099 1498 ad·

314 1537 561 1602 ministratione.

351 1641 416 1704 Alii
434 1645 546 1720 praeter
564 1641 756 1701 memoratos
775 1634 904 1714 judices
930 1637 1097 1712 nequeunt
1186 1631 1212 1696 Ι.
1230 1652 1245 1687 s
1262 1630 1408 1711 Spolium
1433 1633 1465 1694 in
1487 1649 1584 1695 causo
1611 1632 1828 1696 matrimoniali
1847 1653 1905 1698 eori-

313 1737 549 1803 reslitntionem
566 1736 598 1797 in
615 1735 773 1812 integrum
796 1732 985 1794 concedere.
1074 1804 1077 1813 Ι
1147 1727 1254 1807 tingit,
1271 1745 1334 1791 non
1352 1735 1472 1793 lantum
1490 1748 1546 1810 per
1561 1730 1663 1794 alium
1684 1729 1808 1793 tertium
1822 1731 1867 1811 qui
1879 1737 1903 1795 ri

353 1835 584 1915 «Reguleriter
600 1832 767 1912 loqrrendo
784 1831 946 1894 restitutio
964 1829 997 1892 in
1013 1830 1096 1894 inte-
1147 1827 1250 1892 anien
1268 1829 1438 1910 conjugem
1454 1847 1472 1892 a
1497 1829 1645 1909 conjugo,
1666 1829 1724 1892 sed
1745 1830 1831 1893 etiam
1853 1833 1905 1896 ieri

311 1950 402 2014 grum
431 1933 566 2013 pelenda
603 1941 651 1996 est
678 1949 694 1994 a
719 1931 831 2011 judice
859 1929 962 2003 illius,
986 1937 1095 2006 contre
1147 1932 1252 2007 polest
1265 1929 1305 1992 ab
1320 1929 1399 2008 ipsis
1428 1929 1620 2010 conjugibus
1647 1928 1734 1994 inter
1758 1947 1802 2004 se,
1821 1931 1906 1996 siloc

310 2049 420 2112 quem,
449 2046 507 2094 sen
540 2030 573 2093 in
604 2030 696 2108 cujus
729 2027 948 2108 praejudicium
976 2027 1096 2106 petitur
1147 2024 1315 2103 tripliciter
1334 2027 1484 2092 maximo.
1512 2028 1540 2089 i.
1559 2028 1696 2103 Quando
1719 2027 1831 2109 conjux
1850 2048 1906 2110 pro·

311 2129 489 2206 restionem
520 2145 560 2194 eo
585 2131 672 2210 quod
697 2127 906 2193 anteriorum
933 2129 979 2192 rei
1001 2127 1096 2211 sequi
1145 2125 1213 2206 pria
1234 2128 1421 2192 auctoritate
1452 2126 1611 2192 recedita
1644 2127 1782 2209 conjuge
1875 2163 1904 2177 -

311 2233 436 2299 debeat.
452 2255 468 2291 s
1184 2225 1903 2306 2.Quendouxorproprieanctoriteledlscessil

351 2331 505 2406 Quamvis
524 2347 562 2394 ex
575 2329 649 2411 juro
666 2329 785 2409 scripto
798 2329 926 2410 judices
940 2328 1093 2392 ordinarii
1144 2342 1161 2388 a
1177 2325 1306 2401 manime
1324 2327 1379 2390 sed
1395 2327 1469 2392 laeti
1495 2327 1653 2407 poenitens
1664 2326 1705 2393 ad
1719 2325 1805 2390 illum
1820 2331 1902 2394 redire

313 2428 436 2508 possint
451 2430 626 2494 concedere
641 2429 875 2494 restitutionem
885 2429 918 2492 in
933 2429 1093 2507 integrum
1146 2423 1232 2500 vnlt3
1254 2441 1326 2488 nom
1348 2425 1376 2486 si
1401 2425 1446 2490 ila
1467 2433 1680 2491 revertentem
1707 2426 1831 2491 maritus
1852 2444 1902 2492 nnn

311 2527 405 2592 etiam
421 2536 530 2591 contra
556 2543 647 2590 suem
669 2528 863 2592 definitivam
887 2528 1092 2604 sententiam,
1145 2523 1291 2603 recipiat,
1301 2523 1458 2604 spoliasse
1471 2525 1560 2590 illem
1573 2526 1775 2602 censebitur,
1792 2529 1902 2607 eoquod

310 2626 474 2706 praevaluit
496 2627 686 2708 jamdudum
710 2628 923 2702 consuetudo,
953 2635 987 2690 ul
1008 2645 1093 2691 non·
1143 2619 1231 2682 nulli
1248 2623 1409 2685 1011611111
1426 2629 1482 2686 1111
1506 2621 1598 2702 culpa
1613 2623 1762 2702 ⁰0¹¹j⁰ss¹⁸⁵
1782 2623 1904 2703 (⁰¹⁰0ll0

310 2726 372 2789 nisi
387 2743 405 2789 a
422 2725 498 2790 sede
514 2726 708 2807 apostolica,
727 2727 775 2790 rel
794 2744 810 2788 a
824 2725 933 2807 judice
949 2727 1094 2806 appelle·
1143 2718 1312 2801 adulterio)
1330 2739 1385 2800 liiii
1399 2739 1434 2784 ⁸⁰
1448 2721 1566 2786 cireen
1584 2727 1615 2786 θῑ
1630 2729 1784 2802 [1111111110
1795 2724 1902 2802 deroga

311 2825 408 2890 lionis
424 2829 627 2891 concedatur.
1138 2815 1206 2897 juri
1229 2821 1465 2885 matrimoniali.
1480 2855 1518 2868 -
1530 2823 1561 2886 3.
1571 2822 1711 2898 Quando
1725 2837 1804 2886 uxor
1817 2827 1905 2904 expui·

348 2927 653 3010 concedituranrs
663 2928 910 3007 quadriennium
926 2929 964 2998 ad
982 2935 1094 3012 peten-
1143 2935 1177 2983 11
1194 2921 1324 3001 qnidam
1347 2929 1428 2986 esta
1452 2923 1576 2998 marito,
1599 2923 1656 2986 sed
1678 2923 1795 2988 abhoc
1817 2935 1904 3004 postea

309 3029 381 3094 dem
398 3029 634 3093 restitutionem
651 3030 682 3092 in
699 3029 874 3108 integrum.
1144 3028 1322 3096 resecatur,
1333 3029 1474 3086 reuocate
1487 3031 1593 3088 autem
1613 3026 1722 3088 redire
1738 3041 1798 3088 non
1813 3025 1878 3088 rnlt.
1893 3049 1903 3082 ι

348 3126 523 3190 Restitutio
538 3125 571 3192 in
588 3125 747 3205 integrum
772 3135 881 3190 contre
900 3129 1091 3193 sententiam
1144 3120 1357 3204 (8111111111
1387 3120 1421 3183 111
1449 3123 1497 3186 lll-
1529 3141 1603 3199 1111,
1634 3123 1691 3187 lib·
1722 3141 1745 3185 11
1777 3111 1902 3186 fleitelli«

304 3225 436 3304 judicis,
452 3225 640 3304 regulariter
665 3225 835 3306 suspendit
861 3228 930 3308 ejus
955 3245 1091 3293 exseou·
1142 3240 1176 3288 n.
1199 3223 1263 3304 lli.)

310 3329 442 3400 tionem,
457 3325 521 3388 nisi
538 3342 578 3388 ex
595 3325 788 3403 corijeoturis
804 3327 951 3404 presumi
971 3339 1091 3408 posset,
1182 3325 1224 3388 li.
1253 3345 1268 3382 s
1293 3323 1324 3387 Si
1354 3325 1486 3388 maritus
1521 3341 1654 3390 uxorem
1692 3326 1858 3407 expulerit.
1880 3339 1903 3394 tl

308 3423 395 3504 quod
411 3441 447 3486 es
464 3431 586 3487 tantum
604 3424 642 3487 ad
661 3423 904 3504 protelationem
921 3427 987 3490 litis
1004 3439 1092 3508 pote·
1142 3430 1251 3503 postes
1267 3433 1412 3498 revocete
1441 3425 1508 3488 boae
1531 3433 1639 3489 autem
1656 3427 1765 3491 redire
1781 3431 1865 3504 nolite
1880 3439 1903 3492 et

307 3530 405 3585 retem.
428 3522 641 3601 (Scnnssxox.
655 3523 788 3604 passim,
803 3522 836 3585 in
854 3525 903 3590 tit.
919 3545 986 3604 xcx,
1009 3528 1092 3594 liinx
1141 3520 1275 3586 maritus
1304 3525 1388 3600 petat
1424 3539 1460 3586 sa
1489 3523 1615 3587 restitui
1655 3525 1689 3588 in
1725 3527 1903 3604 possessione

306 3619 470 3702 Demetai.)
1142 3621 1252 3684 uxoris
1268 3637 1352 3698 soree
1366 3621 1465 3701 iudex
1481 3623 1724 3688 ecclesiasticus
1739 3627 1826 3690 debet
1839 3627 1903 3690 banc

1138 3719 1376 3784 restitutionem
1414 3721 1599 3785 decernere.
1635 3723 1728 3786 idem
1755 3725 1901 3788 dicendum

1141 3828 1190 3883 est
1207 3819 1247 3883 de
1261 3837 1362 3884 uxore
1377 3819 1557 3900 expellente
1574 3827 1605 3885 el
1621 3831 1734 3901 postea
1759 3835 1903 3889 revocante

1143 1497 1162 1571 g
1181 1495 1212 1553 ΙΙ.
1223 1498 1307 1556 -ile
1321 1514 1403 1556 cansa
1417 1501 1599 1558 restitutionis
1611 1500 1702 1572 quoad
1716 1501 1904 1562 matrimonium.

594 3783 711 3844 canui
729 3787 798 3844 XVI.

304 3897 406 3955 Ncrnm
429 3901 584 3972 procedendi
604 3902 633 3956 in
651 3903 739 3958 censis
757 3903 921 3960 matrimonii
942 3911 967 3961 et
981 3904 1089 3976 'ps-oses·
1141 3919 1304 3998 maritum,
1319 3937 1391 3984 cum
1406 3920 1531 4000 aequalg
1543 3921 1585 3984 ,ῃ
1595 3923 1650 4002 jus
1666 3924 1831 4005 utriusque
1842 3941 1904 3988 ton·

579 3972 662 4027 sionis
674 3973 814 4044 religiosos.
1132 4018 1234 4098 jugis,
1253 4041 1268 4077 n

338 4101 440 4176 ib·
456 4101 495 4162 ⁰0
516 4103 611 4162 “⁰⁸¹¹
624 4105 874 4163 matrimonialibus
891 4109 1078 4180 generstirn.·
1177 4117 1268 4182 lli«
1295 4119 1328 4183 Si
1345 4119 1425 4182 alter
1450 4121 1623 4202 conjugum
1641 4129 1766 4189 temere
1782 4124 1900 4204 lugiens,

345 4214 505 4294 «Proprie
522 4214 583 4279 hoc
605 4215 737 4281 nomine
758 4217 892 4281 ueniunt
916 4219 989 4296 ille,
1016 4219 1089 4299 qui·
1137 4225 1288 4299 etpostea
1312 4218 1452 4296 rediens,
1467 4220 1508 4283 ab
1522 4222 1623 4286 altero
1646 4241 1714 4287 non
1742 4226 1901 4306 recipiatur,

303 4315 366 4379 bns
382 4315 600 4378 controversia
626 4322 657 4379 et
678 4316 816 4396 quaestio
842 4323 902 4392 est,
917 4316 958 4381 de
979 4318 1088 4381 matri·
1138 4322 1264 4397 etpotai
1275 4316 1473 4398 judicialiter
1484 4336 1520 4382 se
1534 4321 1659 4384 restitui
1675 4323 1708 4384 in
1720 4323 1900 4400 possessione

302 4414 405 4478 monii
437 4419 468 4478 et
493 4415 690 4494 sponsalium
715 4423 840 4490 nature,
864 4416 1085 4497 qualitatibus,
1126 4415 1295 4495 conjugis,
1310 4417 1517 4496 dobetjndex
1532 4419 1847 4485 ecclesiasticusesm
1863 4439 1901 4483 re·

301 4521 465 4578 contractu
495 4521 526 4579 et
552 4514 836 4580 benedictionibus
867 4515 1083 4595 nuptialibns3
1137 4514 1335 4580 stitutionem
1352 4519 1569 4581 decerneres

301 4614 341 4678 de
355 4614 530 4695 conjugum
549 4620 581 4678 ot
594 4631 785 4695 sponsorum
802 4616 930 4697 juribus
946 4622 977 4679 et
1000 4618 1085 4680 obli·
1176 4614 1257 4677 lv.«
1274 4617 1406 4693 mendo
1421 4637 1503 4680 unus
1522 4620 1689 4700 conjugum
1704 4622 1834 4700 proprie
1853 4637 1898 4678 sn·

299 4713 497 4792 gationibus,
509 4715 594 4777 ortis*
605 4732 645 4778 ex
656 4722 820 4779 contractu
831 4716 1022 4794 sgronssliiio
1035 4717 1084 4779 rel
1134 4717 1282 4778 ctoritate
1310 4717 1467 4794 discessit,
1492 4717 1568 4798 quid
1593 4719 1783 4800 faciendum,
1799 4720 1826 4781 si
1837 4715 1900 4778 oltrr

300 4811 548 4889 matrimonium
568 4813 609 4877 de
623 4814 822 4893 sponsalium
839 4821 870 4876 et
888 4814 1083 4877 matrimonii
1133 4834 1165 4876 sc
1181 4815 1215 4876 in
1233 4815 1429 4893 possessione
1451 4816 1577 4879 restitui
1590 4815 1790 4899 judicialiter
1806 4819 1899 4897 perutl

300 4909 465 4987 remeent
478 4910 677 4992 legitimitate
692 4913 829 4993 prolium
846 4929 886 4976 ex
903 4914 964 4976 isto
979 4920 1047 4978 orta
1071 4935 1080 4978 s
1134 4947 1171 4962 -·
1186 4913 1315 4993 Triplex
1330 4932 1425 4979 casus
1440 4915 1689 4996 distinguendus
1704 4925 1766 4982 cst.

296 5010 338 5076 ds
350 5011 493 5092 ipsorum
508 5012 766 5091 impedimentis3
782 5011 1081 5092 dispensationibus
1172 5013 1294 5075 Parnes
1309 5030 1405 5080 ossus
1425 5033 1433 5074 e
1451 5013 1519 5090 Quo
1534 5015 1602 5076 sota
1617 5015 1781 5094 sponsalia
1792 5019 1898 5096 [somn

296 5110 330 5174 in
354 5111 537 5191 hujusmodi
561 5113 803 5193 impedimentis
822 5135 831 5176 e
848 5113 950 5191 ipsius
973 5111 1083 5174 matri·
1131 5111 1223 5174 inito.
1240 5143 1279 5158 -
1297 5111 1335 5175 ln
1351 5111 1411 5176 boc
1426 5129 1578 5178 oaeneon
1595 5115 1798 5194 debetjudex
1815 5115 1895 5179 ullam

296 5209 394 5272 monii
412 5209 461 5272 rel
479 5210 680 5289 sponsalium
695 5213 737 5275 ob
754 5213 812 5276 ista
825 5209 1079 5292 (impedimento)
1120 5211 1367 5277 restitutionem
1388 5213 1579 5290 decerneres
1595 5216 1670 5295 quia
1687 5217 1742 5280 ubi
1758 5234 1818 5280 non
1832 5233 1894 5296 pre

293 5306 508 5372 dissolutione
532 5313 587 5370 aut
609 5308 892 5391 redintegratione,
913 5317 972 5373 ote.
1000 5309 1079 5371 Nem
1130 5312 1227 5376 cessit
1254 5313 1431 5392 possessio,
1456 5331 1519 5377 non
1546 5323 1653 5394 potest
1670 5314 1787 5379 babere
1809 5315 1895 5377 locun

292 5406 333 5470 de
349 5404 398 5468 bis
414 5412 447 5470 et
459 5407 634 5483 similibus,
650 5409 733 5474 sicut
754 5410 840 5489 leges
863 5409 1015 5482 condere,
1036 5409 1078 5473 its
1129 5411 1280 5491 spoliatio
1283 5454 1350 5476 .....
1385 5411 1486 5492 niqui
1513 5429 1570 5493 per
1595 5413 1758 5493 sponsalia
1773 5411 1894 5476 nondun

293 5512 324 5568 et
341 5505 576 5569 controversias
588 5523 686 5588 super
709 5509 776 5574 illis
791 5521 913 5575 exortes
928 5510 1077 5574 decidere
1118 5511 1307 5590 ,acquiritur
1339 5511 1503 5591 possessio
1532 5528 1675 5592 sponsus,
1702 5511 1759 5576 sed
1790 5517 1893 5574 tanturn
1985 5513 1986 5550 l

292 5603 514 5668 ecclesiastice
528 5613 577 5668 est
593 5609 771 5686 potestatis.
785 5609 900 5676 Contra
916 5611 953 5673 ad
969 5609 1075 5673 iorum
1122 5611 1208 5693 juris
1226 5613 1265 5675 ad
1284 5610 1510 5692 complendum
1536 5621 1737 5678 contractum
1756 5608 1894 5691 sponsali·

290 5700 440 5768 cecoton
451 5702 620 5782 etjndioes
635 5707 804 5774 saeoulnres
818 5709 979 5790 pertinent
1001 5726 1075 5775 cau·
1130 5710 1226 5792 tium-3
1255 5711 1346 5792 cujus
1375 5715 1545 5792 propterea
1569 5714 1607 5779 sd
1624 5711 1835 5796 impletionem
1849 5725 1893 5788 pe·
