4044 6458
1665 381 1756 466 ree·

237 421 244 440 ¹
311 399 407 462 Pstis
426 399 460 461 tl.
483 397 530 459 DE
550 397 967 462 tunthtS.·-uls.xl11.
989 399 1039 462 DE
1062 397 1254 462 EOCLESIAE
1275 397 1502 460 coruscanti.

116 411 162 474 til

119 515 188 597 ulls.
220 510 316 590 dclsp.
335 516 366 570 et
382 515 468 572 tonet
481 507 534 570 bic
549 505 694 586 glossi,
709 508 881 572 Hostisn...
933 510 1065 590 Pirbing
1083 532 1092 573 s
1113 531 1128 568 s
1151 512 1229 574 llam
1258 511 1286 572 si
1313 509 1453 574 clericus
1485 509 1603 572 victuro
1619 516 1651 572 el
1665 529 1722 574 re-

118 627 143 678 u
169 610 308 692 plerique
343 607 424 678 aliie
451 606 526 672 licet
554 607 810 672 ceruinceuuu
850 609 885 672 in
934 612 1045 674 mitum
1065 610 1130 672 sibi
1156 626 1301 690 quarere
1319 615 1423 689 potest
1438 608 1619 674 exercendo
1634 611 1721 690 agri·

117 709 272 792 uenus)
312 707 372 770 Sed
394 707 447 770 bic
475 711 510 769 ut
532 706 680 786 proxime
712 707 815 770 dicam
844 708 884 771 de
934 708 1092 774 culturam
1123 707 1163 788 (c.
1192 707 1334 772 clericus
1364 708 1396 784 3,
1425 708 1502 770 dist.
1526 707 1591 789 111),
1619 709 1721 772 multo

117 803 886 883 emico.Quinimoconjunctusdicipolestetiam
936 810 1038 888 irrepis
1068 808 1102 872 in
1137 807 1193 872 tali
1217 807 1403 886 necessitate
1428 807 1543 886 poterit
1571 824 1731 871 exercere-

118 906 225 970 suiuus
240 903 372 966 intimus
387 899 526 966 iraterna
540 900 693 966 charitate
707 902 885 966 dilectus...
899 907 916 933 ’
936 923 1055 970 munus
1101 907 1335 984 advocationis,
1358 906 1446 988 quod
1473 906 1618 970 nobilius
1649 913 1723 982 est;
1759 977 1765 993 .

116 1009 193 1073 licet
237 1002 431 1068 contrarium
476 1009 584 1066 teneat
635 1001 807 1066 cardinalis
851 1001 887 1064 in
936 1007 1112 1085 pressertim
1127 1007 1204 1088 quis
1220 1007 1394 1072 necessitas
1409 1008 1513 1088 legem
1530 1023 1595 1073 non
1611 1006 1721 1080 bellet:

117 1109 217 1186 quast.
243 1101 288 1174 ln.
308 1098 409 1182 mosis
428 1097 531 1178 ΡΙΙῡθῑ
553 1097 810 1179 ιιιῑωιιωιιιοιᾱ
824 1113 884 1178 pe·
935 1113 979 1179 et,
996 1105 1026 1168 si
1051 1106 1170 1170 clerico
1190 1105 1265 1170 licet
1278 1110 1433 1172 advocare
1448 1125 1505 1186 pro
1524 1105 1723 1187 pauperibus

117 1202 235 1266 tentiam
267 1198 440 1264 exercendi
464 1197 684 1262 advocationis
698 1197 886 1263 officium.»
936 1211 968 1268 et
986 1205 1060 1268 aliis
1094 1204 1337 1268 miserabilibus
1362 1205 1520 1284 persenis,
1544 1211 1578 1267 ut
1594 1203 1722 1268 illarum

115 1337 147 1354 ·-
163 1300 312 1374 Ferrsris,
330 1298 417 1362 tarb-
441 1295 632 1373 Advrsum,
665 1306 725 1364 til·
742 1301 772 1372 1·
804 1316 838 1364 ¹¹·
853 1300 885 1373 θ.
935 1306 1120 1370 necessitati
1144 1313 1321 1380 succurret,
1350 1306 1453 1370 multo
1482 1305 1583 1385 magis
1601 1303 1664 1368 erit
1687 1303 1722 1366 id

115 1400 305 1468 sicabsolute
326 1397 394 1462 aits
421 1399 482 1462 «lu
498 1397 568 1462 loro
592 1405 700 1462 autem
732 1398 885 1464 ecclesia·
937 1407 1064 1472 licitum
1084 1407 1269 1487 utpropriu
1284 1405 1467 1468 necessitati
1477 1405 1721 1478 consciscenda

114 1505 184 1566 slico
214 1507 350 1582 possunt
385 1499 575 1567 advocatum
603 1516 698 1578 agere
713 1499 822 1564 clerici
850 1499 885 1564 iu
935 1505 1075 1574 ebaritas
1101 1505 1185 1568 bene
1201 1504 1347 1568 ordinata
1369 1502 1501 1582 incipiet
1520 1520 1587 1566 ase
1608 1504 1720 1584 ipso.»

113 1603 198 1670 sacris
212 1599 442 1673 elbenedciati,
454 1601 550 1663 eliam
564 1617 620 1680 pro
637 1600 738 1675 laicis,
758 1608 792 1664 ut
816 1601 885 1664 col·
937 1607 983 1687 (ln
996 1610 1045 1672 tit.
1057 1626 1182 1686 xxnvsr,
1199 1604 1466 1682 lib.r,1iecrctul.
1488 1622 1523 1668 n.
1539 1605 1602 1684 10.)

114 1702 210 1782 ligitur
226 1717 264 1763 ex
278 1699 421 1780 espnu
438 1699 657 1772 uenerabilem,
671 1698 736 1775 Qui
749 1698 885 1780 pilisint
974 1704 1174 1786 cisalpinus·
1214 1711 1384 1786 nequeunt
1419 1721 1493 1768 esse
1520 1701 1665 1768 edsocatl
1692 1710 1725 1766 et

112 1801 282 1884 lepitiuri,et
308 1817 381 1864 cum
411 1800 493 1882 aliis¹
522 1809 609 1864 tenet
635 1801 734 1881 Fagn.
755 1802 789 1864 in
805 1819 833 1866 c.
854 1803 884 1876 1.
935 1815 1157 1890 procuratores
1171 1805 1359 1872 coramullc
1379 1804 1490 1884 judice
1512 1812 1721 1884 praeterquam

112 1921 140 1968 n.
153 1903 180 1976 i,
195 1901 239 1964 til·
255 1917 384 1971 mvn.
400 1900 444 1962 Dc
455 1898 661 1981 postulando.
679 1923 694 1960 s
711 1899 767 1964 ubi
779 1909 883 1966 tamen
934 1910 968 1974 in
983 1910 1102 1986 causis,
1134 1907 1168 1970 in
1194 1907 1314 1988 quibas
1343 1904 1478 1969 vertitur
1507 1903 1630 1966 utilitas
1655 1917 1723 1966 mo-

110 2003 263 2082 Ftsssslssus
291 1998 413 2078 omillil
438 1998 636 2071 ⁵⁸⁰0td01082
668 2000 816 2082 quamtis
842 2019 882 2064 0¹
935 2005 1089 2086 naslerii3
1120 2009 1154 2072 iu
1170 2009 1220 2072 bis
1246 2007 1347 2082 anim,
1362 2005 1534 2070 accedente
1558 2003 1720 2078 mandato,

112 2101 218 2164 llbbate
237 2097 885 2164 Siculodicatsentirecommuniteru'o·
932 2112 1002 2177 sire
1034 2127 1196 2174 coumnsu
1245 2106 1367 2188 proprii
1394 2103 1514 2186 prelati
1563 2101 1722 2182 regularis

111 2213 200 2266 utores
236 2199 326 2281 qnod
349 2215 462 2262 omues
485 2198 705 2264 clericietiam
725 2201 759 2265 in
783 2201 883 2266 sacris
933 2211 1024 2276 puteo
1058 2225 1178 2276 munes
1218 2207 1376 2280 seroneti,
1414 2204 1463 2268 sel
1503 2203 1722 2284 procuratoris

111 2301 241 2370 streuui
275 2319 351 2366 esse
376 2301 410 2364 in
427 2299 728 2366 icroecclesiastico
745 2302 882 2380 possint.
934 2313 1029 2376 ertum
1052 2325 1159 2375 porum
1179 2307 1292 2390 judice
1326 2304 1473 2370 sunulsri
1506 2313 1653 2386 possunt.
1671 2303 1720 2386 (c.

112 2399 882 2480 lnhausenlentiarumdiversitate,ridetursal·
933 2411 1081 2478 unnuebi
1104 2409 1155 2483 35,
1183 2424 1279 2472 causa
1313 2407 1361 2478 ts,
1386 2413 1499 2487 quest.
1531 2408 1604 2481 t,et
1628 2405 1723 2470 uda

113 2514 167 2570 tem
177 2505 230 2586 jus
246 2505 425 2586 prohibens
442 2504 644 2569 advocatiam
660 2505 883 2570 sacerdotibus
930 2513 1071 2594 persei,
1101 2513 1149 2574 til.
1186 2526 1315 2580 surra,
1334 2507 1379 2570 ils
1412 2503 1614 2585 postulantia,
1639 2505 1724 2569 libr

110 2605 138 2668 in
156 2605 220 2670 loro
242 2604 464 2668 ecclesiastico
482 2619 547 2668 non
565 2621 637 2668 esse
657 2605 811 2670 omnibns
825 2605 885 2668 dn-
931 2610 1104 2691 nepum.)
1116 2609 1332 2689 arripiuntur
1355 2608 1417 2670 Fit.
1431 2605 1725 2670 minoresssren-

109 2704 237 2768 ctoribus
264 2704 414 2767 clarum:
445 2703 532 2767 unde
548 2701 678 2766 libertas
691 2703 878 2767 alterutram
933 2712 1032 2789 &⁸013
1047 2727 1123 2774 mm
1139 2709 1172 2772 hi
1190 2709 1233 2774 0))
1259 2705 1382 2772 puttam
1410 2702 1599 2768 monasterti
1627 2702 1721 2766 peip.

110 2804 287 2869 senientiam
327 2802 541 2886 amplectendi
585 2803 719 2868 cuilibet
741 2804 882 2886 relinqui
934 2819 1029 2876 ulem
1056 2809 1218 2892 ejusmodi
1240 2823 1371 2878 munus,
1397 2804 1493 2869 etiam
1515 2803 1556 2866 de
1571 2802 1722 2880 superio.

111 2904 234 2970 ridetur.
933 2930 1005 2980 rum
1027 2909 1315 2982 suorumliceutia,
1335 2905 1429 2972 obire
1461 2909 1613 2984 possunt.
1635 2899 1722 2984 (Cle-

140 3005 167 3068 5.
186 3025 202 3066 ι
217 3002 333 3068 Clerici
349 3046 358 3078 ,
375 3001 568 3068 subdiaconi
596 3007 628 3066 et
640 3000 770 3066 diaconi
780 2999 879 3066 adro·

109 3106 173 3180 esti,
189 3115 219 3168 et
234 3111 459 3185 procuratores
470 3120 543 3166 esse
562 3110 700 3182 possunt
713 3119 819 3168 coram
831 3105 883 3184 ju·

109 3207 170 3270 dice
181 3204 411 3280 ecclesiastico,
424 3204 521 3269 etiam
548 3205 582 3268 in
594 3205 702 3268 causis
718 3204 883 3270 sreculari·

109 3308 186 3382 bus;
211 3323 318 3370 coram
337 3305 449 3387 jndice
472 3304 621 3372 seculari
650 3315 758 3368 numm
782 3307 884 3384 (cntra

108 3406 884 3489 casusomnibuspermissos.)tantumiunegotiis

108 3509 369 3574 ecclesiasticis.»
392 3509 605 3580 (communis.
629 3511 834 3574 sonnatius.
849 3511 884 3576 in

109 3610 149 3672 tit.
170 3627 271 3680 usu,
284 3607 342 3673 lib.
358 3627 382 3685 ι,
394 3625 426 3672 ι.
443 3606 507 3688 ttl.)

139 3709 166 3772 6.
191 3709 307 3772 Clerici
342 3708 376 3770 in
393 3706 575 3770 minoribus
591 3706 756 3770 constituti
770 3722 885 3773 omnm

106 3815 230 3884 possunt
262 3823 335 3872 esse
359 3807 502 3870 advocati
527 3822 633 3870 coram
664 3805 776 3885 jndice
786 3806 887 3870 eccla-

106 3906 238 3980 siastico,
273 3915 483 3987 preterquam
508 3903 544 3968 in
578 3901 707 3968 casibus
740 3906 884 3984 exceptis

107 4021 185 4070 num.
199 4007 275 4082 Η,
297 4006 452 4086 3,supra.
472 4004 541 4086 (Est
554 4003 738 4068 communis
756 4011 885 4068 ctestrn

106 4107 372 4188 controversiam.)

140 4209 168 4269 ’1.
191 4206 307 4272 Clerici
325 4207 358 4270 iu
377 4206 559 4272 minoribus
575 4206 767 4272 beneticium
783 4207 885 4272 eccle·

106 4303 264 4371 siaslicuur
282 4323 346 4370 nou
369 4306 536 4382 babentes,
555 4306 699 4370 advocati
716 4323 787 4370 esse
810 4293 885 4385 pos·

107 4415 174 4471 sunt
204 4409 302 4474 eliam
343 4425 449 4474 coram
482 4409 594 4488 jndice
622 4407 769 4473 seculari
796 4415 886 4471 entra

106 4523 223 4572 musam
248 4511 429 4591 sanguinis,
446 4517 477 4572 et
500 4508 723 4584 mutilationis,
741 4516 776 4572 ut
792 4509 886 4572 colli-

107 4607 185 4688 gitur
197 4629 239 4674 ax
267 4628 336 4692 cap.
369 4611 486 4674 Clerici
501 4611 530 4683 1,
558 4610 603 4671 br
634 4609 884 4690 postulundc....

106 4709 211 4770 saltem
238 4709 266 4772 si
306 4707 555 4789 pistrimonialia,
571 4708 621 4772 rel
635 4709 887 4790 aliundeacqui-

106 4808 161 4871 sita
195 4809 279 4876 bora
291 4827 355 4876 non
369 4812 516 4876 babeant.
530 4809 588 4891 (lta
602 4810 815 4874 cummuniter
828 4811 886 4874 du-

107 4907 227 4990 utores.)

141 5005 171 5068 8.
211 5010 293 5072 Tum
318 5006 521 5084 subdiaconi,
551 5017 618 5073 tum
653 5010 793 5088 durent,
818 5019 886 5078 turn

107 5104 196 5170 etiam
233 5109 429 5178 sacerdotes.
467 5108 496 5170 si
537 5126 644 5189 neque
695 5129 735 5173 cr
783 5113 888 5174 reddi·

934 3004 1722 3085 mensunusumnerbonstpnip-scussuos.

932 3115 978 3176 ne
991 3108 1196 3192 postulando,
1212 3125 1244 3171 ιι.
1260 3107 1305 3188 i.)

973 3213 1011 3272 V.
1034 3209 1197 3288 Queritur
1214 3207 1249 3268 iu
1276 3204 1389 3286 quiden
1427 3201 1531 3265 causis
1569 3199 1722 3264 constitui

933 3320 1161 3393 procuratores
1173 3315 1320 3388 perusus.
1338 3339 1375 3352 -
1388 3306 1487 3384 Iiesp.
1506 3302 1544 3366 ln
1559 3300 1713 3364 omuibus

934 3413 1054 3480 causis.
1068 3418 1102 3476 el
1117 3408 1269 3489 negotiis,
1285 3406 1454 3486 inquibus
1472 3420 1536 3466 nuo
1552 3401 1715 3481 reperitur

934 3509 1132 3594 prohibitum
1152 3512 1391 3588 procuratorem
1417 3500 1624 3567 constitui...
1642 3520 1658 3556 ι
1676 3529 1723 3544 -

935 3634 950 3674 s
980 3610 1086 3684 Quare
1100 3613 1285 3688 procurator
1299 3601 1454 3668 constitui
1485 3598 1604 3680 poterit
1620 3597 1670 3662 st.
1690 3597 1723 3660 ln

933 3707 1041 3774 causis
1056 3703 1263 3786 pecuniariis.
1280 3701 1358 3763 -2
1371 3701 1407 3762 ln
1443 3695 1643 3766 liberalibus,
1663 3710 1724 3758 scu

933 3815 1052 3872 statum
1064 3803 1346 3870 concernentibus.
1361 3833 1394 3848 -
1410 3800 1441 3862 3.
1456 3801 1525 3862 Nou
1541 3803 1666 3860 tautum
1689 3795 1724 3858 in

934 3905 1182 3988 temporalibus,
1214 3902 1273 3966 sed
1308 3900 1404 3964 etiam
1433 3897 1467 3962 in
1499 3894 1724 3976 spiritualibus

939 4011 990 4089 ld.
1006 4008 1079 4072 Non
1095 4004 1277 4078 indiscrete,
1295 3995 1619 4081 &procuratoribus
1631 3993 1664 4056 in
1680 3995 1726 4072 6.)

937 4108 1243 4172 -t.ttouteutum
1272 4101 1312 4166 ad
1340 4101 1414 4164 lites
1454 4102 1638 4179 prresenles,
1663 4111 1723 4158 seu
1833 4133 1835 4139 ι

935 4207 1113 4280 inchoatas,
1143 4204 1201 4268 sed
1233 4201 1395 4266 etiamad
1427 4201 1611 4272 iuturaset
1639 4209 1724 4258 non-

934 4310 1012 4372 dum
1027 4313 1165 4370 exortas.
1183 4301 1231 4384 (C.
1247 4304 1318 4368 Nun
1345 4302 1462 4382 injuste
1479 4298 1529 4374 tt,
1552 4299 1595 4358 Dr
1603 4311 1724 4375 procs-

935 4407 1052 4485 rator.)
1068 4438 1107 4452 -
1122 4405 1154 4466 ts.
1170 4404 1239 4466 Non
1265 4406 1387 4462 tautum
1419 4397 1452 4458 in
1475 4394 1576 4474 prime
1599 4392 1724 4454 instan-

936 4507 992 4581 tia,
1018 4502 1184 4568 sedetiam
1200 4500 1235 4562 in
1251 4497 1405 4570 secunda,
1424 4495 1495 4558 sire
1508 4493 1542 4554 in
1557 4506 1653 4553 causa
1669 4505 1727 4569 ap-

937 4603 1158 4686 pellationis...
1172 4600 1387 4686 (sruuuuzcu.
1407 4597 1456 4658 tit
1477 4609 1622 4665 xsxsrn,
1639 4588 1697 4652 lib.
1713 4607 1726 4652 ι

935 4704 1091 4768 discretul.
1108 4702 1217 4783 n.18.)
1234 4733 1273 4746 -
1298 4699 1333 4761 ln
1363 4694 1470 4758 causis
1501 4687 1725 4756 criminalibus
1818 4755 1821 4762 ,

937 4804 1088 4868 omuibus
1107 4807 1293 4883 procurator
1307 4813 1436 4876 semper
1458 4791 1584 4857 admitti
1620 4794 1727 4870 potest

938 4912 1128 4984 proactorot
1149 4917 1206 4981 pru
1222 4915 1277 4963 reu
1291 4897 1386 4962 eliam
1403 4892 1581 4958 admittitur
1597 4896 1726 4970 prseter-

937 5022 1035 5087 qnam
1051 5003 1085 5066 in
1100 5019 1190 5074 casu,
1203 4999 1269 5082 quo
1286 5014 1378 5079 poena
1396 5011 1453 5076 pro
1468 4993 1605 5058 crimine
1621 4990 1727 5068 impo-

938 5105 1046 5170 nende
1070 5103 1178 5168 reniet
1199 5097 1359 5180 capitalis,
1392 5094 1443 5158 uel
1467 5090 1612 5173 corporis
1640 5087 1724 5151 alili·

112 5202 193 5266 tibus
237 5203 478 5281 ecclesiasticis,
515 5221 621 5286 neque
657 5205 789 5268 aliunde
830 5205 887 5270 lia·
939 5207 1032 5278 stiva,
1048 5212 1103 5268 aut
1117 5203 1179 5266 alia
1194 5201 1390 5280 relegatione
1421 5194 1533 5274 major.
1557 5189 1589 5254 Si
1618 5197 1725 5253 tamen

106 5299 194 5368 beant
226 5305 313 5369 uude
341 5306 462 5381 cicant,
486 5312 517 5368 et
544 5305 718 5385 episcopus
739 5313 797 5370 atti
821 5323 885 5369 nou
939 5321 1014 5368 reus
1030 5303 1072 5366 sit
1099 5301 1280 5372 amoenet
1305 5291 1483 5376 quominus
1511 5285 1725 5372 personaliter

107 5406 178 5468 uelit
212 5415 267 5472 aut
294 5423 359 5472 non
397 5407 500 5487 possit
529 5406 596 5469 illis
634 5405 818 5486 providere,
843 5404 888 5467 li·
940 5406 972 5468 iu
987 5401 1303 5485 judiciocompareat
1324 5393 1514 5472 impeditus,
1529 5405 1656 5466 semper
1670 5385 1727 5448 de·

106 5503 163 5568 cite
198 5515 333 5586 possunt
370 5525 503 5578 munere
538 5508 756 5572 advocationis
790 5506 885 5587 longi
939 5505 1029 5572 leudi
1054 5521 1112 5584 per
1142 5505 1378 5582 procuratorem
1407 5499 1521 5572 potest,
1550 5490 1662 5554 sillem
1686 5505 1725 5552 ⁰¹

108 5605 197 5668 etiam
222 5606 453 5690 coremjudics
480 5608 625 5672 seculari
655 5608 746 5670 etin
778 5606 884 5672 causis
940 5604 1151 5692 prebebiliori
1191 5599 1361 5666 sententia.
1387 5595 1609 5682 (Scuusnsus.
1648 5590 1725 5656 ibid·

108 5715 318 5778 secutoribus.
341 5716 386 5778 lta
417 5716 564 5782 doctores
588 5717 822 5782 communiter:
848 5715 885 5782 in
942 5731 974 5776 u.
991 5709 1055 5789 iu.)

112 5813 201 5894 cujus
227 5816 446 5884 conclusionis
465 5817 743 5898 probationcmsie
756 5815 889 5882 disserit
984 5814 1035 5876 l'l.
1053 5807 1257 5902 demandato
1273 5801 1495 5886 procureurio
1529 5833 1565 5844 -
1581 5801 1606 5862 l.
1626 5798 1729 5878 liupu-
