4008 6460
92 365 143 434 lat
308 367 994 464 ΙΙΙ3111.ΙΙΙΙ118οΙΙ15.·-1.1ΙΙ.1111
1025 374 1072 440 DE
1088 379 1377 458 montaureus,
1400 383 1482 446 lire.
1665 385 1717 456 ΙΙΙ

90 483 146 544 ΙΙΙ
160 483 368 544 arcitenentis
380 499 472 562 poor
485 482 633 548 domibus
649 497 677 548 ΙΙ
692 489 877 585 recipienti·
933 498 981 556 vel
1002 495 1154 574 alterius,
1183 501 1240 578 qui
1256 499 1517 580 jurisdictionem
1537 502 1631 582 quasi
1649 505 1719 582 epi·

91 581 159 659 bor,
177 601 216 644 ne
235 585 292 646 boc
309 581 480 644 ullomodo
495 585 567 664 fiat
592 596 621 648 et
637 587 879 650 utobeoottbos
932 595 1393 678 soopaiembabetinclerum
1420 601 1634 681 etpopulum.
1646 603 1718 665 Est-

91 695 163 744 onte
187 685 417 764 professionem
442 685 547 752 omnio
571 687 789 752 restituantur
813 706 880 768 qno
932 711 996 773 que
1012 693 1142 758 lieentia
1155 697 1222 763 haee
1229 702 1416 768 necessaria
1430 701 1526 765 etiam
1540 701 1716 780 exemptis.

91 801 147 844 ruo
182 791 286 846 erent.
313 781 407 860 Quod
435 793 472 845 ut
498 795 581 878 rorte
612 788 679 880 fiet,
701 789 878 873 episcopus,

94 884 184 968 etiem
206 900 267 961 per
301 883 450 945 censuros
466 885 719 970 ecclesiasticos,
745 890 775 952 si
800 907 880 970 opes

92 963 202 1075 suerit,
205 983 391 1062 compellet.

130 1085 237 1160 Super
255 1080 336 1145 barre
367 1082 470 1162 legem
486 1085 708 1151 Tridentinam
730 1089 881 1166 questio·

972 794 1026 872 Vi·
1042 817 1056 850 Ι
1079 795 1173 870 Casu,
1190 816 1255 877 quo
1271 801 1430 879 professio
1446 818 1485 864 ex
1501 818 1596 864 cause
1610 800 1720 879 aliqua

928 891 1016 972 justa
1045 893 1209 968 dilfertur,
1238 899 1412 963 dicendum
1439 907 1487 961 est
1513 899 1619 961 valide
1648 897 1717 960 lieri

932 997 1210 1063 renuntiationem
1248 1017 1444 1080 quocunqne
1472 1012 1616 1078 tempore
1646 1015 1720 1059 cur·

933 1107 1021 1160 rente
1034 1101 1119 1162 inter
1138 1116 1281 1162 mensem
1297 1099 1504 1162 undecimum
1518 1111 1635 1160 avinne
1646 1111 1720 1175 pro-

94 1199 149 1246 ΙΙΙ
163 1191 195 1244 ΙΙ
215 1181 419 1245 difliculloles
440 1185 573 1249 resolvit
597 1187 881 1270 Selrnralzgrueber
932 1199 1070 1261 bellonis
1088 1199 1243 1280 usquead
1260 1196 1511 1277 professionem.

93 1299 163 1343 cerm
181 1281 293 1343 orbitis
310 1282 372 1344 ab
364 1300 436 1362 rpso
450 1285 568 1359 citatis,
592 1296 625 1347 ut
642 1289 818 1368 sequitur:

128 1382 152 1442 1.
161 1383 371 1472 «iincipitur
399 1383 537 1447 societas
564 1388 661 1462 iesu3
682 1407 755 1452 nem
783 1391 880 1471 hujus

94 1480 205 1542 novitii
222 1498 420 1572 quoeunque
435 1492 589 1562 tempore,
606 1495 637 1549 et
649 1489 770 1578 absque
784 1491 881 1556 licen·

93 1567 133 1668 ΙΙΙ
154 1579 312 1645 ordinarii
329 1580 422 1644 burris
438 1583 509 1645 suis
524 1587 640 1649 cedere
652 1598 806 1679 possunt.

118 1663 310 1743 lt.«}100
343 1687 473 1762 decreto
500 1683 668 1750 irritantur
693 1669 799 1750 solnm
829 1689 879 1751 illi

94 1760 287 1862 contractus,
299 1789 330 1842 et
344 1791 444 1868 pacta,
456 1785 578 1860 ouibus
591 1786 685 1862 bona,
695 1788 808 1868 etJ'ura
825 1805 882 1851 no·

96 1877 163 1940 vitii
180 1880 368 1942 notabiliter
381 1882 594 1960 minuuntur
613 1902 650 1948 ee
662 1897 789 1961 autem
805 1892 882 1968 qui·

21 2033 22 2036 ,
97 1977 152 2039 bus
171 1977 226 2041 illa
247 1995 314 2043 non
333 1980 539 2058 minuuntur,
557 1985 734 2072 etiamnum
761 1987 880 2051 valent.

94 2079 182 2140 ilatio
194 2065 387 2143 ΙΙΙΙΙΙΙΙΙΙ
403 2080 465 2145 flvve
480 2081 644 2158 trident,
659 2062 783 2148 voiebat
794 2089 880 2148 enim

95 2193 149 2258 por
167 2177 228 2242 boc
244 2195 344 2242 suom
361 2181 527 2244 decretum
544 2192 660 2246 sartam
679 2192 792 2248 teclam
808 2202 881 2249 ser·

96 2293 164 2340 vare
182 2279 300 2343 novitii
327 2279 506 2374 libertatem
536 2285 721 2347 revertendi
751 2285 791 2347 ed
816 2301 878 2348 ΙΙ·

96 2375 213 2441 celum

132 2479 187 2540 111.
215 2499 231 2536 Ι
264 2481 313 2540 ΕΙ
338 2495 404 2560 quo
434 2481 586 2561 sequitur
619 2482 742 2546 validas
769 2500 881 2547 esse:

98 2584 125 2641 1.
138 2569 339 2642 ΙΙΙΙΙΙΙοΙΙΙ
355 2593 387 2643 ΙΙ
404 2583 629 2663 eleemosynas
644 2585 794 2646 enovitio
806 2601 884 2663 pau·

99 2676 238 2756 poribus,
248 2679 336 2740 locis
351 2679 425 2759 piis,
447 2683 501 2743 et
494 2683 556 2760 vpsi
575 2682 671 2745 etlam
687 2693 848 2746 monaste.
851 2684 883 2746 io

96 2775 201 2853 factas,
217 2795 245 2838 ΙΙ
279 2779 415 2840 modicae
442 2779 507 2843 itlae
536 2781 615 2856 sint,
645 2790 675 2844 et
702 2785 883 2858 moderna,

97 2885 230 2954 spectem
244 2877 371 2940 novitii
384 2881 584 2956 substantia3
608 2879 684 2960 qnia
700 2898 810 2960 parum
826 2900 883 2962 pro

99 2978 196 3041 vvibilo
221 2988 407 3058 reputatur,
427 2996 534 3058 neque
560 2981 674 3042 merito
690 2982 729 3042 ab
750 2998 884 3060 egressu

99 3093 138 3138 ex
155 3077 315 3158 religiono
331 3077 473 3141 retinere
501 3084 644 3157 potest...
661 3111 701 3124 -
721 3079 752 3140 Ι.
770 3079 885 3142 valent

100 3187 276 3242 covvtvactus
302 3179 490 3258 emptionis,
508 3180 719 3254 venditionis,
736 3180 884 3242 locatio·-

101 3277 158 3350 ΙΙΙ,
170 3277 411 3350 conductionis,
430 3278 690 3355 permutationis,
702 3278 879 3354 societatis,

101 3384 129 3436 et
142 3374 194 3434 elii
208 3371 350 3447 similes,
362 3375 490 3453 ,quibos
507 3389 571 3436 non
590 3372 702 3434 minus
725 3374 884 3454 recipitur

100 3490 189 3550 quem
201 3473 313 3548 delur,
332 3477 363 3534 et
382 3487 445 3535 non
462 3471 567 3536 minor
582 3487 657 3549 spes
676 3471 768 3546 leucri,
785 3489 882 3552 quam

101 3573 200 3636 damni
212 3583 321 3636 est.-
332 3573 365 3636 e.
380 3571 491 3636 Valent
508 3577 708 3646 testamenta,
731 3571 884 3642 codicilli,

101 3683 129 3734 ΙΙ
155 3674 268 3735 mortis
306 3689 403 3735 causa
442 3669 749 3751 donationes,quia
785 3671 885 3736 libere

102 3776 237 3840 revocari
254 3780 405 3854 possunt.

138 3877 188 3952 ΙΙ.
209 3897 224 3945 Ι
243 3875 362 3938 Contra
377 3870 528 3950 invalidis
551 3876 627 3942 sunt
651 3887 658 3932 :
676 3873 703 3932 1.
734 3871 886 3935 bonolio·

103 3990 156 4036 nes
170 3971 327 4036 notabilis
338 3967 527 4061 quantitatis
543 3968 628 4050 inter
640 3973 746 4048 vivos,
757 3981 790 4046 et
806 3971 886 4046 irre·

104 4072 288 4156 vorabiliter
306 4069 406 4154 facte.
425 4103 463 4115 -
479 4069 511 4132 2.
527 4069 799 4152 Revruntiationes
814 4069 884 4146 olii,-

104 4172 219 4234 ciorum
240 4169 459 4256 publicoru-tm,
476 4178 507 4231 et
536 4169 766 4254 beneficiorum
785 4171 887 4250 eccle,-

105 4271 372 4333 rusticorum-
394 4270 425 4330 3.
443 4271 583 4341 Mutum,
602 4285 667 4348 quo
686 4269 734 4333 rei
758 4278 887 4356 mutatae

105 4371 298 4462 dominium,
327 4377 360 4462 et
389 4371 558 4449 usquead
592 4370 733 4432 notabile
758 4378 886 4449 tempus

106 4471 314 4534 transfertur
308 4488 340 4532 vn
369 4469 612 4552 monasterium.
631 4468 713 4531 -Ι,
734 4469 887 4549 fidejus-

106 4550 222 4660 sinnas,
251 4567 521 4656 remissiones,el
549 4565 768 4642 liberationes,
786 4585 816 4629 v.
836 4585 884 4656 gr.

107 4677 274 4764 qualeter,
290 4670 474 4752 veleuratov
489 4682 506 4728 Ι
524 4667 702 4756 ratiociniis
715 4669 886 4762 reddendis

107 4769 371 4849 deobligatur.-
399 4769 429 4830 a.
446 4747 634 4858 Contractus
650 4783 763 4864 omnes
785 4769 888 4829 lucra·

109 4869 176 4945 tivi,
205 4878 236 4932 et
263 4871 312 4933 illi
338 4871 434 4954 etiem
458 4885 498 4957 er
529 4869 689 4960 onerosis,
705 4867 739 4962 in
748 4852 886 4965 quibus

109 4983 169 5032 uon
187 4943 310 5031 tantum
327 4945 493 5062 recipitur,
512 4947 670 5060 quantum
688 4969 796 5058 datum
825 4977 885 5029 est.

109 5053 253 5144 Quorum
263 5069 409 5132 omnium
432 5068 514 5131 ratio
527 5075 588 5140 est,
605 5066 682 5146 quia
697 5083 755 5148 per
771 5067 887 5147 hujus·

111 5168 190 5230 modi
206 5168 475 5242 renuntiationes,
492 5175 579 5246 perte
599 5172 628 5226 ΙΙ
642 5165 807 5227 cessiones
824 5167 885 5226 im-

112 5269 235 5354 pedituv
252 5257 379 5348 libertas
395 5286 549 5355 egressus
564 5284 604 5330 ex
621 5267 789 5360 religione.

145 5367 183 5430 V.
201 5369 271 5432 «ΙΙΙ
299 5370 495 5432 renuntiatio
522 5355 627 5431 valide
642 5367 708 5432 fieri
732 5385 762 5430 e
759 5367 888 5430 novitio

113 5467 222 5541 possit,
239 5469 438 5548 requiritur:
459 5471 489 5531 1.
501 5469 548 5534 etit
571 5483 636 5531 non
652 5467 705 5530 fiel
721 5475 794 5530 ente
810 5469 888 5530 ulti·

114 5583 196 5630 mam
215 5559 368 5632 bimestre
398 5567 616 5649 probationis,
637 5569 672 5631 in
696 5585 888 5650 quecunque

114 5659 199 5731 atate
221 5670 261 5760 sit
275 5669 431 5735 novitius.
447 5671 526 5733 -lt
544 5673 607 5735 lieo
625 5671 696 5734 sine
711 5671 839 5734 obtenta
855 5671 890 5731 li·

115 5770 216 5831 centia
233 5770 389 5853 episcopi,
415 5771 464 5836 vel
493 5771 564 5851 ejus
581 5771 691 5836 vicerit
709 5772 887 5853 generalis¹

972 1300 1040 1361 111.
1059 1323 1073 1356 α
1096 1303 1236 1378 Tempus
1255 1299 1394 1360 duorum
1409 1296 1571 1384 mensium
1585 1312 1647 1375 pro
1669 1313 1720 1356 re-

933 1398 1139 1461 nuntiatione
1157 1397 1262 1461 velide
1281 1395 1446 1472 faciende,
1468 1396 1719 1474 compntandum

933 1505 982 1556 est
1021 1497 1061 1557 de
1081 1506 1254 1558 momento
1282 1494 1320 1556 ad
1350 1500 1572 1564 momentum,
1607 1500 1720 1570 estque

933 1592 1077 1654 decisum
1104 1609 1215 1656 esacr.
1234 1608 1344 1672 congr.
1365 1592 1427 1654 snb
1456 1591 1510 1662 die
1534 1593 1718 1660 fflianuar.

934 1693 1023 1753 1627.
1034 1693 1131 1754 ilatio
1146 1701 1206 1764 est,
1227 1691 1303 1772 quia
1320 1693 1448 1771 quoties
1465 1699 1592 1770 tempus
1608 1691 1719 1753 datum

933 1800 981 1856 est
1006 1811 1023 1856 a
1053 1793 1124 1870 lege
1140 1811 1197 1874 pro
1218 1793 1319 1872 forum
1350 1805 1453 1864 actus,
1482 1789 1660 1869 computari
1681 1793 1721 1852 de

934 1902 1098 1956 momento
1113 1895 1150 1956 ad
1174 1901 1371 1957 momentum
1389 1890 1497 1954 debet.

973 1993 1057 2055 vlit.
1075 1993 1262 2055 eEifectum
1289 2011 1354 2056 non
1384 1991 1478 2064 babet
1503 1987 1721 2064 renuntiatio,

935 2091 983 2152 vel
1001 2091 1144 2166 donatio,
1163 2091 1223 2153 elsi
1252 2091 1305 2153 itte
1322 2093 1363 2152 sit
1386 2090 1465 2152 facte
1479 2089 1570 2169 juxta
1587 2085 1723 2150 formam

932 2191 1090 2266 Trident,
1107 2190 1164 2254 sed
1186 2191 1344 2276 professio
1360 2190 1546 2254 baeosecuta
1567 2190 1608 2278 ob
1621 2187 1723 2252 etatis

932 2289 1445 2353 velaliumdefeotomsitirrita.

973 2391 1030 2452 lx.
1047 2390 1229 2464 «bonolio,
1246 2397 1301 2450 aul
1324 2387 1386 2450 elie
1409 2387 1626 2461 renuntiatio,
1642 2384 1724 2450 facta

933 2491 1111 2552 secundum
1128 2487 1274 2564 formem,
1299 2487 1475 2557 eTrident.
1492 2485 1721 2563 praescriptam,

925 2587 1065 2676 corruit,
1081 2587 1112 2649 si
1127 2587 1283 2661 novitius,
1301 2587 1357 2667 qui
1375 2586 1584 2658 renuntiavit,
1597 2586 1646 2647 vel
1663 2584 1723 2646 do-

934 2687 1032 2768 ΙΙΙΙΙ,
1050 2684 1205 2748 moriatur
1220 2692 1292 2747 ante
1306 2683 1559 2764 professionem.
1576 2683 1696 2746 Unde'
1687 2701 1722 2755 m

933 2767 993 2842 hoc
1008 2796 1085 2843 casu
1105 2785 1208 2858 potest
1229 2779 1378 2842 debonis
1407 2781 1478 2843 suis
1506 2781 1647 2855 testari,
1663 2780 1724 2842 etsi

934 2865 1055 2944 nullam
1084 2877 1335 2956 dispositionem
1364 2879 1469 2942 fecere
1499 2879 1603 2954 nolit,
1637 2881 1723 2969 bona

934 2980 1082 3059 ejusdem
1107 2975 1297 3042 delerentur
1331 2977 1371 3041 ad
1398 2977 1544 3042 haeredes
1569 2959 1648 3056 ab
1637 2987 1725 3044 enie-
1923 2994 1926 3004 ·

934 3086 1028 3141 stato.

974 3177 1014 3236 Χ.
1032 3195 1047 3231 Ι
1067 3173 1277 3235 Renuntiatio
1300 3173 1476 3255 bonorum,
1503 3175 1554 3254 vel
1577 3174 1722 3272 donatio,

933 3273 1049 3336 ultimo
1064 3273 1210 3335 bimestri
1224 3273 1403 3350 1ΙΙΙΙ,ΙΙΙΙΙ
1420 3273 1656 3362 professionem
1673 3294 1725 3337 ΙΙ·

934 3374 1039 3436 vocari
1055 3389 1070 3435 a
1088 3375 1211 3436 novitio
1227 3373 1351 3452 nequit,
1372 3373 1436 3436 nisi
1453 3374 1578 3436 donans
1597 3373 1646 3436 vel
1671 3391 1722 3437 re-

934 3477 1087 3537 nuntians
1106 3473 1169 3534 sibi
1186 3474 1396 3537 reservaverit
1405 3475 1461 3554 J'us
1477 3474 1660 3536 revocandi.

972 3576 1030 3638 ΙΙΙ.
1047 3595 1062 3632 Ι
1089 3573 1252 3649 Quaeritur
1271 3575 1349 3653 quid
1364 3575 1603 3636 observendnm
1619 3575 1653 3636 in
1668 3591 1722 3636 re-

936 3673 1138 3736 nuntiatione
1153 3672 1314 3746 beneficii,
1333 3675 1419 3752 qnod
1436 3674 1470 3736 in
1486 3673 1584 3734 seeulo
1608 3673 1722 3735 babuit

935 3773 1104 3836 novitius?
1132 3775 1168 3834 ln
1190 3773 1271 3834 duas
1297 3782 1442 3834 extreme
1459 3773 1624 3850 oppositas
1645 3789 1722 3834 sen-

933 3871 1050 3944 tenties
1078 3871 1225 3948 doctores
1258 3869 1400 3930 abeunt:
1421 3870 1448 3929 1.
1473 3867 1537 3928 Alii
1558 3857 1671 3944 putant
1689 3867 1723 3928 iu

934 3971 993 4034 heo
1012 3954 1075 4032 non
1092 3968 1309 4034 observandas
1324 3965 1509 4028 necessario
1528 3964 1724 4027 solemnite-

933 4078 983 4134 los
1003 4068 1155 4133 econeil.
1173 4068 1320 4131 Trident.
1347 4085 1375 4128 c.
1401 4067 1440 4128 le
1454 4066 1508 4128 cit.
1538 4063 1724 4144 requisitas,

933 4173 993 4235 sed
1010 4188 1079 4234 eam
1096 4170 1192 4232 etiam
1208 4170 1280 4232 sine
1293 4167 1345 4230 bis
1361 4166 1472 4228 factam
1489 4165 1626 4230 validae·
1638 4183 1724 4242 esse,

934 4288 1043 4352 penne
1059 4283 1240 4350 regressum
1254 4269 1292 4332 ed
1309 4266 1503 4332 beneficium
1519 4265 1560 4327 ite
1574 4266 1723 4344 resigna·

934 4380 1004 4450 tum
1023 4369 1155 4440 concedi
1176 4367 1387 4443 renuntianti,
1414 4367 1564 4447 quamvis
1580 4383 1645 4429 non
1670 4383 1722 4428 se·

936 4479 1055 4551 quatur
1080 4470 1252 4548 professio.
1269 4501 1307 4512 —
1333 4469 1364 4530 li.
1381 4469 1498 4530 Contra
1522 4465 1725 4528 communior

937 4574 1102 4636 doctorum
1115 4568 1239 4647 judicet
1261 4565 1357 4634 etiam
1378 4565 1650 4630 renuntiationem
1670 4565 1725 4626 be·

937 4669 1043 4756 nefpcii
1062 4686 1080 4732 a
1096 4667 1219 4742 novitio
1237 4665 1349 4738 factem
1361 4664 1592 4746 comprehendi
1612 4663 1724 4726 conci-

937 4769 1021 4856 ilarii
1051 4771 1191 4840 decreto,
1219 4783 1254 4838 ee
1285 4765 1419 4845 preinde
1446 4763 1560 4830 factam
1584 4765 1725 4832 sineso·

937 4867 1158 4932 lemnitatibus
1174 4867 1218 4928 ibi
1243 4865 1437 4945 prescriptis
1453 4881 1526 4930 esse
1540 4863 1677 4936 nullam,
1694 4870 1726 4924 et

937 4970 1182 5064 resignantem,
1211 4967 1238 5028 si
1266 4965 1427 5046 professio
1456 4981 1520 5028 non
1556 4973 1724 5044 sequatur,

939 5067 1213 5152 reintegrandum.
1230 5065 1381 5128 efferunt
1409 5080 1466 5143 pro
1485 5080 1520 5126 se
1542 5063 1726 5148 correptores

939 5167 1259 5231 decisionesllotveet
1274 5183 1356 5228 seer.
1366 5181 1478 5244 congr.
1493 5161 1640 5248 concilii,
1652 5175 1726 5238 quta

938 5286 1065 5346 semper
1079 5266 1162 5329 fuit'
1156 5285 1187 5327 vn
1204 5281 1243 5328 eo
1261 5283 1373 5339 sensu,
1385 5271 1416 5326 el
1432 5263 1539 5343 ipsum
1560 5261 1724 5323 decretum

939 5379 1055 5434 sancte
1080 5367 1196 5448 synodi
1224 5367 1280 5427 nbi
1299 5367 1402 5429 utitur
1430 5363 1539 5426 verbis
1558 5359 1722 5442 generali·

939 5471 1022 5541 bus,
1047 5466 1137 5530 nullo
1162 5481 1282 5566 qnoque
1307 5465 1504 5525 renuntiatio
1509 5507 1570 5525 .....
1590 5461 1724 5524 ΙΙΙΙΙΙΙ

939 5571 1040 5650 igitur
1065 5582 1130 5629 non
1161 5571 1282 5652 lantum
1315 5561 1589 5634 renuntiationem
1617 5560 1723 5622 bono·

941 5672 1012 5732 rirm
1035 5665 1289 5756 temporalium?
1306 5663 1363 5727 sed
1389 5662 1484 5727 etiam
1508 5656 1657 5724 beneficii
1672 5652 1725 5721 ΙΙ·

928 5767 1114 5862 ΙΙΙΙΙΙΙΙΙΙΙΙ
1144 5744 1418 5856 comprehendet,
1436 5765 1627 5845 presertim
1651 5777 1725 5832 curn
