4098 6448
313 405 387 476 1⁰55
827 399 1412 466 toaxscartotttctcomeertmttm.
1865 407 1922 478 tlte

311 523 410 584 tanto
430 533 503 582 esse
522 514 658 580 omniuo
680 510 885 593 ademptam:
909 517 1005 591 atque
1027 509 1131 574 hinc·
1159 517 1267 574 currat
1290 509 1408 576 dictam
1436 505 1812 581 excommunicationem.
1835 523 1922 584 moni·
2001 567 2002 572 ,

313 617 449 682 invalidi
482 622 559 680 sunt
588 631 702 680 omnes
734 623 824 676 actus
851 610 1105 694 jurisdictionis,
1157 613 1248 675 tione
1262 610 1347 677 trina
1362 609 1501 677 moneri.
1517 607 1564 692 (C.
1579 610 1765 686 Stntnt‘ntct,
1780 615 1841 696 cit.)

312 734 396 800 quos
414 715 487 780 telis
501 715 632 780 laceret.
655 713 701 794 (c.
711 710 897 777 Andinimna
908 711 1043 790 l,causa
1051 709 1105 788 11,
1197 711 1239 774 il.
1265 711 1361 774 Extra
1375 709 1435 774 hoe
1450 723 1546 776 caaua
1571 707 1678 774 solum
1703 713 1764 776 cub
1781 715 1863 798 culpa
1877 739 1921 786 va.

312 824 428 899 qrrmet.
450 818 481 892 1,
507 832 535 880 c.
551 813 601 878 Ad
620 812 819 896 probantium
839 813 891 892 ii,
913 812 959 876 De
975 820 1057 876 rent.
1078 819 1106 876 ct
1158 811 1236 878 niaii
1253 809 1447 893 prohibetur
1463 809 1714 876 communicatio
1729 829 1799 877 cum
1813 831 1921 884 excom·
2002 833 2003 898 l

311 937 346 980 re
354 917 460 1000 judic.
478 932 551 979 cum
570 913 746 978 similibus.
1159 909 1335 989 muniunto,
1353 909 1556 991 incurritque
1567 911 1923 997 communicansiantum

351 1014 412 1082 Sed
423 1011 1109 1090 dicendam,excommunicatntoleratonul·
1159 1011 1525 1078 excommunicationem
1540 1011 1713 1077 minorem.

315 1119 445 1184 iatenus
470 1117 651 1198 ademptam
669 1133 741 1180 esse
757 1115 1028 1196 jurisdictionem,
1050 1115 1108 1178 aed
1198 1113 1284 1178 Ilub.
1302 1113 1334 1176 2.
1363 1111 1412 1176 Ala
1431 1113 1768 1179 excommunicatione
1792 1131 1857 1180 cum
1877 1137 1924 1183 ex·
2003 1155 2004 1158 =

314 1219 406 1282 illius
419 1226 511 1282 actus
527 1218 635 1298 ipsum
652 1217 757 1281 aalide
775 1234 940 1290 exercere,
960 1214 1108 1298 quandiu
1159 1215 1398 1280 communicato
1433 1214 1626 1280 denuntiato
1659 1216 1924 1286 communicantem

313 1317 621 1387 cildelibuscoutra
638 1318 745 1400 ipsum
763 1334 828 1383 non
851 1318 1023 1398 excipitur.
1051 1317 1109 1396 lita
1160 1321 1294 1378 excuset
1319 1335 1328 1378 e
1355 1317 1383 1378 1.
1406 1314 1534 1380 Utiliter
1558 1321 1622 1378 tam
1646 1315 1833 1394 spiritualia,
1848 1335 1925 1399 quam
2004 1373 2005 1412 3

311 1419 658 1501 electores,etsumitur
672 1437 713 1483 ex
734 1439 763 1484 c.
777 1419 1110 1500 Excepttonemtidle
1160 1413 1350 1493 corporalia.
1365 1419 1450 1480 -1,
1468 1417 1532 1478 Lex
1561 1415 1771 1480 matrimonii.
1788 1451 1824 1464 -
1837 1418 1926 1484 liin·

1161 1513 1280 1576 militas
1293 1513 1508 1596 subjectionis
1524 1531 1600 1596 erga
1617 1521 1776 1595 parentes,
1799 1516 1926 1584 dominos

1160 1621 1193 1678 et
1208 1615 1277 1681 vice
1294 1634 1397 1682 cerea.
1412 1651 1451 1668 --
1466 1617 1496 1682 i.
1511 1617 1696 1699 ignorantia
1716 1623 1748 1682 et
1764 1619 1926 1684 necessitas.

311 1525 491 1600 except.,et
508 1518 605 1583 emin
618 1519 648 1594 1,
663 1518 737 1585 eod.
751 1519 787 1582 in
806 1516 850 1599 li.)
865 1520 910 1581 Ex
923 1533 989 1600 quo
999 1515 1110 1596 sequi·

319 1627 397 1696 tur,
428 1619 457 1684 ai
486 1617 596 1684 iideies
621 1618 991 1684 excommunicationem
1025 1617 1109 1699 obji-

311 1718 411 1796 cient,
429 1727 461 1784 et
477 1719 519 1783 ob
536 1717 626 1782 iliius
646 1735 777 1783 causam
796 1729 908 1782 contra
922 1735 1110 1782 excommu-

315 1817 461 1884 nicatum
478 1818 652 1898 excipiant,
680 1833 822 1899 eumque
843 1834 861 1882 a
883 1833 918 1882 se
937 1817 1106 1899 repellant,

316 1918 440 1982 nullius
456 1916 575 1982 valoris
591 1934 664 1981 esse
679 1924 768 1981 aolus
781 1917 1109 1983 abexoommumicato

312 2017 437 2094 iactus3
466 2024 503 2082 ut
520 2035 594 2082 rero
614 2019 762 2099 exceptio
778 2017 967 2099 huiusmodi
990 2023 1110 2094 teneat,

317 2117 485 2198 excipiens
510 2117 858 2182 excommunicationis
884 2116 1051 2197 speciem,
1079 2122 1112 2181 et

317 2209 389 2300 ejus
405 2227 569 2284 auctorem
587 2217 755 2286 manifeste
780 2219 877 2284 debat
898 2220 1033 2299 probare
1055 2215 1110 2282 in·

315 2327 362 2382 tra
378 2326 449 2384 octo
464 2317 548 2384 dies.
566 2318 611 2402 (C.
628 2320 694 2382 Plo
708 2319 775 2402 cit.)
802 2317 835 2382 Si
848 2334 913 2384 non
928 2317 1041 2400 probet
1057 2334 1112 2380 ex·

314 2419 452 2503 ciplene,
471 2417 521 2485 rel
542 2419 571 2484 si
598 2418 710 2484 nullus
726 2419 875 2500 excipiat,
892 2417 1113 2484 excommuni-

315 2529 406 2586 catus
432 2519 587 2586 toleratus
611 2519 750 2584 cilicium
772 2528 835 2584 tam
850 2518 990 2601 jndicio,
1015 2535 1112 2599 quam

318 2619 450 2704 parochi
466 2619 571 2685 aalide
585 2636 738 2686 exercere
756 2627 872 2700 potest.
895 2619 1111 2704 (Saeuamcn.

315 2720 362 2782 De
373 2729 454 2784 rent.
468 2737 618 2782 anconam.
636 2736 669 2782 n.
688 2717 746 2781 tlt
763 2725 795 2782 cl
809 2717 915 2802 seqq.)

293 2839 332 2914 ’1
354 2839 387 2898 V.
413 2867 450 2884 -
480 2837 555 2908 Quot
586 2839 676 2896 modia
704 2839 951 2898 excommunicatio
987 2839 1108 2901 tidelirrm

411 2909 665 2966 communicatione
698 2910 788 2984 privet
806 2909 834 2966 in
849 2910 988 2984 civilique.

358 3023 385 3088 l.
407 3021 497 3090 modi
512 3030 588 3088 sunt
604 3031 668 3089 tres
688 3045 697 3090 ε
713 3026 743 3088 1.
759 3025 867 3090 i‘rirat
882 3024 1111 3090 excommuni-

315 3131 423 3188 catum
442 3124 737 3190 communicatione
763 3125 900 3192 lorensi.
930 3160 970 3174 -
992 3127 1024 3191 2.
1045 3127 1111 3192 Usu

319 3239 520 3306 quocunque
535 3223 634 3290 cilicii
652 3225 790 3306 politici.
805 3260 844 3273 -
863 3227 894 3288 3.
909 3227 1111 3306 Quacumque

315 3321 516 3406 obligatione
530 3322 632 3402 cirili,
649 3332 683 3392 et
696 3332 874 3392 contractu.
885 3327 966 3404 Qum
982 3324 1112 3392 evoluta

316 3423 394 3490 aide
406 3427 493 3506 apud
506 3423 702 3508 Schmalzgr.
717 3427 762 3490 lle
778 3436 858 3494 rent.
872 3446 992 3492 eccon.
1008 3445 1041 3491 ιι.
1055 3428 1113 3491 tot

315 3533 350 3590 et
368 3541 461 3609 seqq.
479 3533 511 3590 et
529 3526 617 3607 apud
635 3526 829 3595 morelistaa.

358 3628 442 3694 Dub.
458 3627 489 3694 1.
502 3627 638 3710 Solique
655 3628 750 3708 culpo
768 3629 915 3710 fidelitate
943 3630 1114 3693 commani-

316 3729 401 3792 cett'o
417 3747 486 3792 cam
501 3730 781 3806 excommunicato,
798 3737 828 3792 et
844 3731 1112 3793 excommunicato

317 3847 388 3894 cam
401 3828 546 3910 fidelibus
561 3847 626 3894 non
646 3832 926 3898 excommunicatis
948 3831 1114 3914 prohibito

318 3931 389 3996 ait?
403 3963 442 3976 -
456 3931 554 4010 ilcsp.
571 3929 749 3994 mortaliter
764 3932 889 4014 peccari
907 3953 915 3994 ε
933 3935 963 3995 t·
977 3932 1011 3996 Si
1026 3948 1115 3996 com·

318 4028 499 4098 munientia
522 4027 574 4091 irat
600 4029 634 4093 in
666 4029 765 4093 rebus
792 4028 927 4108 divinis,
951 4038 983 4094 et
1008 4031 1114 4098 cilicio

317 4126 434 4192 alirino
448 4125 562 4190 saltem
587 4127 717 4207 publice
733 4127 833 4193 dicto.
859 4163 899 4176 —·
923 4131 957 4192 1·
974 4131 1007 4194 Si
1025 4147 1113 4196 com·

320 4227 506 4297 munientur
532 4243 606 4290 cum
636 4227 913 4294 excommunicato
940 4245 1114 4306 asumma

321 4327 495 4415 pontificu
515 4333 592 4391 tuuc
606 4326 693 4390 enim
722 4328 978 4405 communicans,
997 4339 1113 4415 praeter

322 4437 485 4513 paccatum
501 4424 649 4504 mortale,
662 4425 800 4493 incurrit
817 4430 913 4494 ctiam
929 4447 1115 4500 exctrmmu·

320 4525 519 4594 tricationum
534 4525 700 4607 majorem,
716 4532 752 4590 ut
766 4526 932 4610 colligitur
946 4547 986 4596 cx
1000 4548 1030 4596 c.
1056 4533 1112 4596 Sl·

319 4626 485 4712 palflcnnit
510 4627 562 4703 te,
585 4627 631 4688 Dc
653 4635 735 4689 cent.
765 4645 884 4693 ancona.
905 4662 944 4678 -··
968 4631 1001 4694 δ’
1022 4631 1117 4696 Com·

323 4725 494 4794 tounicana
525 4725 719 4791 incrimine
743 4727 932 4807 criminoso,
954 4729 989 4794 id
1007 4737 1056 4796 est
1080 4731 1115 4794 in

321 4825 459 4890 crimine
474 4825 517 4888 nb
532 4825 625 4907 cujus
639 4842 768 4890 causam
788 4826 908 4909 aliquis
922 4845 1115 4896 excommu-

324 4927 450 4993 nicatae
466 4933 650 5008 est,practer
665 4933 829 5007 peccatum
845 4929 990 5006 momale,
1006 4931 1117 4996 incur·

326 5027 368 5090 rit
412 5026 508 5090 etiam
550 5027 916 5094 excommunicationem
948 5032 1114 5113 majorem.

324 5129 373 5210 (C.
389 5129 502 5212 Nuper
514 5129 568 5203 19,
592 5147 620 5194 c.
640 5130 677 5192 Se'
700 5130 945 5210 romacianae,
968 5132 1015 5195 Da
1033 5141 1114 5196 rent.

325 5250 500 5301 ancoram:
530 5238 563 5296 el
578 5247 605 5294 c.
621 5230 796 5295 Stnluimne
818 5232 849 5306 3,
873 5233 947 5298 eod.
964 5232 999 5301 iu
1013 5233 1058 5314 o.)
1080 5266 1118 5284 «-

324 5333 357 5394 lt·
373 5329 406 5396 Si
422 5328 641 5394 communicet
660 5329 780 5412 aliquis
793 5347 867 5394 cum
891 5332 1116 5398 excommuni-

1161 1749 1200 1762 -
1214 1715 1304 1795 (Qum
1326 1717 1456 1784 evoluta
1475 1717 1546 1783 ot'dc
1564 1718 1651 1798 apud
1676 1719 1871 1782 Εοιιιιιιιιι.
1892 1723 1927 1784 lle

1160 1827 1294 1882 centeni.
1314 1837 1434 1882 occant.
1451 1836 1486 1888 ιι.
1504 1818 1615 1884 118111
1633 1819 1718 1900 191.)

1163 1913 1236 1990 lili.
1254 1915 1417 1986 -Quinam
1436 1915 1617 2043 fimgffffui
1647 1917 1747 1976 remoti
1772 1921 1929 1976 exconmuni-

1550 2002 1633 2044 roure.

1202 2073 1333 2155 Triplex
1357 2087 1437 2139 est:
1464 2093 1538 2141 nam
1557 2093 1595 2140 ox
1622 2075 1728 2158 primo
1751 2077 1870 2156 ellectu,
1885 2101 1929 2146 ex·

1163 2176 1443 2252 communicatus,
1463 2177 1492 2240 si
1511 2193 1567 2256 per
1581 2193 1705 2242 annum
1717 2189 1887 2260 perseueret
1901 2183 1928 2246 ln

1163 2274 1512 2353 excommunicatione,
1524 2276 1708 2357 specialiter
1721 2277 1780 2344 lata
1796 2279 1832 2342 ab
1841 2279 1929 2344 hami·

1163 2377 1766 2459 ne,ittsospectusdalrmrcai,eo'quod
1783 2396 1930 2458 prasuma-

1163 2482 1215 2536 tur
1231 2474 1313 2538 male
1327 2475 1448 2538 sentire
1465 2475 1506 2541 de
1522 2483 1680 2558 potestate
1692 2477 1849 2542 Ecclesia.
1863 2479 1931 2559 liri·

1163 2573 1250 2638 dent.
1264 2592 1347 2639 nese.
1363 2575 1415 2652 25,
1431 2593 1460 2639 c.
1476 2577 1508 2654 3,
1535 2575 1582 2638 Dc
1602 2578 1746 2660 reform.)
1762 2579 1831 2642 Hoc
1846 2587 1930 2646 muco

1163 2677 1309 2754 suspicio
1334 2677 1418 2741 ieris
1442 2685 1508 2755 est;
1534 2677 1652 2743 sufficit
1670 2687 1778 2742 tamen
1803 2684 1838 2744 ao
1859 2682 1930 2744 indi·

1162 2780 1296 2844 cendam
1325 2779 1563 2860 purgationum.
1591 2781 1694 2857 Quem
1718 2781 1747 2845 si
1771 2782 1931 2848 subireno-

1163 2883 1273 2956 luerit,
1303 2881 1395 2947 citari
1427 2882 1544 2946 iterum
1573 2882 1670 2948 debet
1695 2883 1759 2947 sub
1783 2901 1866 2964 pmua
1886 2903 1930 2950 ex·
2009 2902 2010 2924 ³

1163 2983 1468 3052 communicationis
1477 3001 1487 3062 ;
1510 2985 1540 3049 ai
1564 3003 1641 3050 vero
1665 2994 1739 3065 post
1767 2985 1929 3068 hujusmodi

1163 3083 1349 3150 citationem
1370 3084 1477 3150 adhuc
1505 3101 1616 3166 parere
1644 3085 1836 3166 neglexerit,
1858 3096 1884 3151 et
1903 3088 1930 3150 in

1162 3185 1362 3250 contumacia
1378 3201 1565 3264 perannum
1579 3187 1842 3266 perseveraverit,
1856 3187 1930 3252 nullo

1163 3286 1300 3367 allegato
1327 3285 1568 3366 impedimento,
1599 3293 1635 3350 ut
1678 3289 1846 3352 haereticus
1868 3305 1931 3353 cort·
2000 3331 2005 3352 .

1163 3384 1308 3449 damnari
1323 3385 1443 3460 metant.
1474 3385 1520 3466 (C.
1551 3385 1628 3450 Cena
1652 3389 1931 3466 centumcellen

1162 3487 1269 3550 acret.
1283 3489 1316 3550 in
1332 3485 1377 3569 6.)
1394 3521 1433 3532 -
1445 3485 1608 3550 Secundae
1624 3488 1761 3552 effectus
1776 3497 1822 3554 est
1840 3491 1932 3570 prola·

1164 3585 1209 3647 tio
1225 3584 1348 3660 delicti,
1365 3601 1424 3648 seu
1442 3601 1559 3662 causae,
1575 3585 1617 3650 ob
1636 3604 1737 3666 quam
1755 3589 1814 3652 lata
1828 3597 1870 3652 ost
1882 3605 1930 3652 ex·

1164 3684 1437 3752 communicatio:
1466 3701 1538 3748 nam
1560 3687 1647 3762 inea
1663 3705 1869 3768 perseverans
1885 3707 1930 3770 per

1164 3799 1297 3859 annum,
1316 3781 1408 3860 nullo
1423 3790 1554 3847 ostenso
1572 3783 1817 3865 impedimento,
1831 3794 1878 3852 aul
1894 3803 1933 3850 aa·

1165 3883 1358 3948 lislactionis
1381 3885 1491 3966 signo,
1514 3900 1573 3965 pro
1587 3885 1750 3964 cornaleto,
1765 3895 1796 3950 et
1809 3887 1932 3952 confesso

1164 3981 1278 4048 haberi
1294 3982 1400 4048 debet.
1411 3983 1458 4064 (C.
1470 3983 1639 4048 Raraaa3li
1651 3994 1683 4050 et
1694 4003 1789 4068 seqq.
1801 4003 1884 4050 cauea
1894 3987 1932 4058 11,

1164 4094 1277 4170 queat.
1295 4081 1340 4166 3.)
1370 4119 1408 4132 ·-
1440 4087 1567 4149 Tertiae
1592 4085 1729 4152 allectus
1753 4097 1803 4152 est
1820 4087 1932 4165 privatio

1165 4187 1422 4264 beneficiorume
1443 4203 1516 4252 nam
1542 4189 1934 4254 excommunicatnstrien·

1166 4289 1223 4354 uio
1253 4305 1463 4371 perseverans
1487 4289 1522 4353 in
1537 4291 1875 4364 excommunicatione,
1891 4289 1933 4350 in-

1166 4391 1282 4454 durato
1296 4391 1417 4462 animo,
1431 4391 1573 4472 eJudice
1589 4391 1709 4471 privari
1727 4392 1820 4457 debet
1834 4391 1934 4454 benai·

1166 4489 1402 4630 ciislomnibne.
1428 4489 1476 4572 (G.
1507 4490 1587 4554 Cana
1609 4490 1695 4554 bono
1708 4493 1741 4568 8,
1758 4494 1803 4555 Ile
1823 4500 1895 4552 ntnt.
1910 4499 1933 4550 et

1165 4569 1298 4744 mli}
1319 4667 1358 4726 ile
1371 4667 1484 4726 directis
1500 4677 1527 4726 et
1536 4669 1675 4726 indirectis
1689 4670 1832 4727 elfectilaoe
1844 4684 1933 4726 excom·

1397 4741 1730 4797 manicationiaminorie.

1205 4833 1232 4896 i.
1257 4830 1399 4896 Effectus
1431 4829 1576 4894 directus
1613 4826 1933 4895 excommnuicationis

1167 4930 1304 4998 minoris
1318 4931 1438 4995 unicus
1454 4937 1515 5007 est,
1535 4930 1662 4995 scilicet
1681 4929 1819 5010 privatio
1831 4928 1933 5009 prasina

1167 5040 1451 5100 sacramentorum.
1479 5029 1526 5111 (G.
1546 5031 1574 5094 A
1597 5031 1688 5096 nnita
1708 5033 1742 5108 2,
1761 5033 1805 5093 ile
1817 5037 1932 5107 accept,

1167 5153 1196 5199 c.
1230 5133 1285 5198 lin.
1313 5132 1359 5194 Dc
1385 5131 1491 5196 cleric.
1529 5149 1649 5195 ccccm.
1677 5131 1829 5207 minoen,
1863 5147 1886 5192 c.
1906 5126 1934 5188 Sl

1168 5253 1268 5318 quem,
1296 5234 1348 5310 59,
1377 5233 1423 5296 oe
1448 5240 1528 5297 arnt.
1547 5234 1680 5314 eccon.)
1706 5233 1790 5296 iiiuc
1817 5231 1934 5312 graviter

1169 5344 1289 5420 peccat,
1304 5335 1362 5417 qui
1381 5336 1709 5401 excommunicatione
1725 5333 1839 5398 minori
1861 5333 1935 5395 inno

327 5438 398 5496 cato
414 5438 486 5512 post
511 5430 607 5496 tatum
628 5431 822 5496 sententiam
847 5440 957 5498 contra
983 5432 1115 5514 partici·
1169 5438 1262 5502 datus
1303 5440 1538 5501 sacramentum
1572 5433 1934 5513 suscipit.'sacramenta

330 5540 465 5612 pantena
490 5549 563 5596 nam
581 5532 644 5605 hic,
666 5541 782 5614 prater
797 5533 887 5616 quod
904 5541 1014 5614 peccet
1028 5549 1116 5599 mor·
1170 5544 1308 5602 tamena
1325 5535 1382 5600 tali
1398 5535 1675 5600 excommunicato
1687 5543 1834 5615 suscepta
1849 5531 1933 5596 vallia

331 5635 450 5716 taliter,
469 5635 564 5700 etlam
586 5635 722 5708 incurrit
749 5635 1118 5704 excommunicationem
1172 5647 1258 5704 sutrt.

327 5733 494 5817 majorem,
512 5735 559 5798 uti
584 5744 708 5800 constat
724 5754 764 5802 ex
791 5753 860 5818 cup.
886 5735 978 5815 Quod
1001 5735 1118 5816 inllu-
1211 5741 1252 5804 11.
1287 5738 1483 5820 Hujuamodr
1514 5745 1810 5804 excommunicatus
1836 5729 1934 5814 poterit

327 5831 389 5920 lile
403 5835 453 5912 3⁰,
472 5830 606 5905 Deerat.
623 5856 763 5910 earnm:
784 5839 878 5904 debet
893 5847 997 5908 tamen
1021 5841 1115 5908 utin·
1175 5838 1396 5908 administrare
1428 5847 1648 5920 sacramenta,
1685 5839 1760 5906 licet
1800 5837 1932 5903 indecem
