4046 6460
276 435 330 502 tlt

278 550 467 627 missarum,
505 548 604 627 incip.
635 547 747 628 Nuper
773 565 793 606 a
825 545 1067 625 conprcpationc

277 649 367 729 (Que
380 648 505 711 decreta
517 647 557 710 ad
575 647 712 709 litteram
727 645 870 725 reperies
881 645 967 725 apud
982 645 1069 706 Fan-

276 767 353 812 666.
370 753 458 813 verb.
476 750 586 813 Missa.
601 749 691 823 art,2
707 764 739 812 n.
757 747 802 828 2.)

315 848 481 912 lv.l‹'eria
521 857 610 910 sexta
643 854 714 925 post
756 855 896 908 octavam
931 849 1068 909 Assum·

285 949 405 1028 ptionis
421 951 455 1010 B.
478 949 523 1011 ll.
550 950 587 1010 V.
605 945 657 1010 vel
692 953 866 1027 pertulum
900 947 1069 1009 residuum

277 1049 398 1112 mensis
411 1047 561 1128 Augusti,
576 1047 667 1128 juxte
684 1049 849 1110 decretum
861 1063 941 1109 sacr.
958 1063 1068 1126 congr.

277 1153 309 1213 S.
339 1149 563 1230 inquisitionis
600 1150 635 1209 11
664 1148 835 1222 Februan,
857 1145 970 1226 1638.)
1007 1145 1070 1226 legi

277 1251 370 1314 debet
413 1252 474 1313 sub
513 1249 633 1328 penis,
665 1257 747 1324 elc.,
788 1249 949 1311 decretum
988 1265 1068 1311 sacr.

278 1368 388 1431 congr.
403 1352 433 1413 S.
451 1348 559 1412 Officii
574 1347 670 1428 jussu
695 1350 813 1412 Urbani
847 1351 931 1425 Vlll,
947 1349 1070 1412 editum

276 1451 317 1512 de
335 1450 538 1514 observantia
557 1448 685 1512 constit.
708 1449 953 1528 apostolicarum
971 1449 1010 1510 ad
1038 1447 1068 1509 S.

276 1550 427 1613 Ollicium
465 1547 713 1628 pertinentium,
729 1547 829 1628 incip.
847 1546 1070 1610 sanctissimus

277 1651 442 1714 Dominus.

317 1753 396 1812 ltem
411 1751 574 1812 decretum
591 1747 824 1830 ejusdemsacr.
841 1764 951 1827 congr.
964 1746 1063 1828 jussu

280 1849 446 1912 Benedicti
460 1851 535 1912 xlv
567 1850 703 1922 editum,
721 1849 819 1927 incip.
844 1847 1068 1909 sanctissimus

278 1951 443 2013 Dominus.
474 1951 577 2029 (Quod
602 1949 764 2012 decretam
793 1952 832 2010 ad
855 1948 992 2010 litteram
1017 1964 1067 2010 re·

282 2052 390 2129 peries
404 2053 488 2129 apud
504 2053 649 2114 Fusatn.
675 2051 764 2115 verb.
784 2051 1006 2131 inquisitionis
1033 2051 1067 2114 S.

280 2149 438 2232 Omnium.
454 2169 485 2213 n.
499 2152 565 2230 96.)

320 2253 356 2312 v.
378 2252 532 2314 biabusa
561 2251 734 2331 superiore
770 2252 984 2332 assignandis,
1020 2253 1069 2315 bis

278 2354 471 2431 quotannis,
509 2351 568 2432 legi
609 2353 727 2416 debent
763 2354 823 2415 sub
851 2355 964 2432 paenis,
1007 2362 1067 2418 etc.

261 2449 402 2514 ¹decreta
421 2451 584 2530 generalia
602 2451 777 2514 Clementis
794 2453 864 2514 Vlll
884 2469 941 2530 pro
970 2453 1070 2515 reior-

278 2551 419 2615 matioue
443 2554 653 2632 regularium,
683 2555 785 2632 incip.
803 2554 919 2618 Nullus
943 2557 1068 2618 omnino

282 2651 380 2732 (quod
420 2652 580 2732 integrum
625 2655 770 2732 reperies
809 2657 892 2733 apud
923 2658 1067 2719 Faunae.

278 2751 368 2814 verb.
391 2754 572 2832 nepetam,
602 2772 635 2818 n.
655 2755 727 2837 85);
761 2766 791 2818 et
816 2757 945 2820 decreta
984 2776 1066 2821 sacr.

280 2868 391 2932 congr.
419 2853 539 2917 Corioli.
577 2855 697 2918 Urbani
727 2857 799 2918 vltl
841 2856 939 2936 jussu
981 2859 1069 2921 edita

281 2952 321 3015 de
338 2953 540 3033 regularibus
569 2957 770 3035 apostotiset
810 2957 933 3038 eiectis,
963 2959 1064 3040 incip.

279 3049 379 3112 Sucro
393 3057 592 3132 conprepatt'o
611 3054 709 3138 (quod
725 3058 889 3121 decretum
905 3060 1068 3138 integrum

281 3154 424 3230 reperies
447 3157 531 3234 apud
549 3157 691 3220 Funnsn.
709 3158 796 3222 verb.
814 3159 917 3240 Ejecti
955 3179 975 3220 a
1014 3179 1067 3222 rc·

282 3248 410 3332 lipionc,
438 3271 469 3316 n.
494 3251 539 3334 2),
571 3273 635 3318 uua
660 3275 732 3319 cum
761 3259 889 3322 decreto
923 3259 1069 3340 ejusdem

281 3365 364 3412 sacr.
393 3367 502 3430 congr.
536 3353 714 3416 innocentii
733 3355 791 3418 llll
816 3357 912 3436 jussu
933 3360 1067 3437 editum,

281 3450 509 3528 moderatoris,
526 3461 557 3515 et
580 3453 856 3535 incorrigibilium
882 3461 1068 3539 respective

282 3546 489 3612 innovotorio
517 3550 618 3630 incip.
643 3554 841 3617 instantibus
878 3568 1070 3636 procurato·

281 3645 381 3708 mbas.
400 3647 502 3726 (Quod
518 3650 611 3711 etiem
626 3650 785 3732 integrum
807 3655 963 3734 reperies,
983 3658 1069 3738 apud

282 3747 650 3831 innormitatem.)
765 3738 772 3756 ’

325 3851 375 3910 vt.
398 3851 474 3910 lteru
491 3851 540 3912 bis
556 3853 730 3930 quotannis
743 3855 887 3921 diebusa
901 3861 1069 3939 superiore

282 3947 499 4028 assignandis,
539 3950 602 4030 legi
641 3953 759 4016 debent
787 3955 961 4020 Clementis
1000 3962 1070 4022 Vlll

283 4065 382 4127 super
398 4051 592 4128 receptione,
605 4053 806 4131 educatione,
819 4063 849 4120 et
870 4059 1069 4136 professione

283 4144 494 4221 novitiorum,
510 4165 649 4227 quorum
679 4151 829 4230 primum,
852 4155 949 4236 incip.
965 4159 1069 4238 lispu-

284 4245 363 4307 loris
378 4245 576 4324 discipline:
600 4251 791 4326 secundnm,
816 4253 915 4334 incip.
931 4255 1072 4321 Sanctis-

284 4343 379 4404 simus
397 4343 431 4403 in
448 4343 575 4406 Citristo
586 4363 597 4412 ,·
613 4345 742 4406 tertium
757 4347 832 4409 item
861 4350 959 4428 incip.
991 4351 1071 4413 San·

284 4437 443 4501 alissimus
458 4438 492 4499 in
507 4439 631 4503 6111616
646 4441 766 4512 Pater:
788 4452 949 4522 quartum,
979 4447 1068 4524 item,

283 4536 384 4615 incip.
407 4537 628 4601 Sanctissimus
643 4541 677 4602 in
692 4541 815 4604 Christo
830 4543 925 4606 Potor
940 4567 951 4615 ,·
976 4547 1072 4627 quin·

284 4643 366 4712 tum,
382 4637 480 4716 incip.
497 4639 573 4702 Cum
597 4638 638 4700 acl
664 4641 840 4719 reputarem
871 4641 1072 4726 disciplinam

288 4736 393 4816 (Quod
429 4738 579 4800 ultimum
604 4740 768 4802 decretum
798 4744 957 4825 integrum
980 4767 1072 4829 repe-

286 4834 351 4896 ries
368 4837 451 4914 apud
467 4838 625 4914 Fuscum,
641 4840 730 4903 verb.
747 4841 938 4921 Neaitiotus,
957 4863 990 4909 n.
1006 4847 1069 4932 98).

329 4935 395 4996 vlt.
415 4937 491 4996 ltent
515 4935 549 4997 in
569 4937 715 5017 quolibet
734 4944 878 5019 generali
906 4947 954 5009 vel
998 4967 1071 5026 pro-

288 5032 418 5098 vinciali
446 5035 597 5114 capitulo,
616 5044 874 5121 congregatione,
904 5047 1072 5126 capitulari

288 5149 476 5212 congressu,
492 5133 596 5209 dieta,
609 5144 682 5216 etc,
696 5142 757 5204 sub
771 5144 872 5221 penis
884 5144 1072 5224 privationis

287 5231 397 5308 cilicii,
432 5234 585 5317 vocisque
623 5241 733 5304 active
769 5251 800 5304 ot
839 5247 973 5323 passive
1000 5250 1072 5330 ipso

286 5331 369 5395 lacto
387 5333 612 5412 incurrendis,
629 5339 692 5421 legi
707 5340 973 5411 debettlecretum
987 5369 1068 5415 sacr.

289 5449 399 5513 congr.
419 5435 450 5499 S.
465 5435 569 5500 Officii
593 5439 711 5504 Urbani
729 5443 801 5506 Vlll
826 5445 923 5526 jussu
950 5451 1073 5516 editum

290 5530 544 5601 deobservantia
575 5544 843 5609 constitutionum
885 5555 1075 5630 apostolica-

290 5647 362 5694 rum
375 5641 406 5697 et
430 5637 630 5705 decretorum
668 5646 705 5708 sd
723 5649 755 5712 S.
788 5649 935 5716 Olltcium
974 5659 1074 5737 perti-

291 5734 457 5812 nentium,
487 5739 586 5824 incip.
642 5745 866 5813 Sanctissimae
908 5755 1071 5824 Dominus.

293 5831 372 5898 item
392 5835 581 5908 subiisdem
601 5847 702 5926 penis
736 5847 800 5932 legi
829 5853 923 5919 debet
959 5859 1071 5924 saltem

790 435 902 499 tultis
914 431 1095 498 uinculo-1
1109 429 1371 500 GOMPENDIUM.

1855 437 1910 502 316

1125 543 1225 606 semel
1263 541 1403 625 singulis
1424 545 1518 608 annis
1545 545 1701 608 Kalendis
1737 549 1852 610 Martii
1887 551 1918 612 in

1125 645 1254 724 publica
1287 663 1408 721 mensu,
1431 645 1481 708 vel
1512 645 1592 709 alias
1624 647 1658 709 iu
1695 648 1844 726 capitulo
1881 653 1919 712 ad

1125 743 1185 807 hoc
1206 746 1391 824 specialiter
1426 754 1600 810 convocato
1633 763 1696 810 una
1726 766 1800 812 cum
1843 751 1919 813 aliis

1124 845 1262 908 decretis
1278 860 1309 911 et
1336 847 1624 911 constitutionibus
1649 850 1842 926 apostolicis
1881 853 1918 914 sd

1125 945 1156 1005 S.
1178 943 1326 1008 Officium
1350 943 1578 1025 inquisitionis
1602 946 1759 1028 adversus
1788 947 1921 1011 haereti·

1124 1057 1193 1104 cam
1234 1045 1423 1123 pravitatem
1456 1045 1630 1124 quotannis
1669 1043 1732 1125 legi
1756 1047 1880 1110 solitis.

1163 1145 1247 1208 Vlll.
1274 1147 1352 1208 ltem
1378 1145 1629 1226 promiuoribus
1660 1146 1822 1226 regularis
1849 1147 1918 1210 Ob·

1125 1247 1295 1310 serventie
1334 1249 1365 1312 S.
1410 1248 1593 1321 Francisci,
1639 1257 1731 1312 sexte
1784 1265 1919 1331 quoque

1125 1363 1236 1410 mense
1279 1348 1314 1411 in
1342 1347 1555 1411 conventibus
1601 1348 1846 1413 recollecttonis
1889 1359 1919 1412 et

1125 1446 1315 1520 novitiatus,
1351 1447 1444 1511 debet
1471 1448 1536 1528 lagi
1563 1449 1726 1512 decretum
1757 1453 1920 1514 iunocen-

1123 1543 1161 1605 tii
1185 1547 1239 1622 Xl,
1270 1547 1371 1626 incip.
1408 1547 1473 1609 Pro
1500 1547 1625 1611 meliori
1650 1550 1863 1622 novitiorum,
1888 1559 1917 1612 el

1125 1645 1238 1708 saltem
1271 1647 1367 1712 bisin
1404 1649 1544 1730 siugulis
1575 1651 1668 1713 annis
1701 1652 1735 1714 in
1763 1651 1918 1714 omnibus

1125 1747 1341 1811 conventibus
1380 1747 1444 1828 legi
1480 1749 1575 1813 debet
1622 1751 1815 1814 constitutio
1862 1768 1917 1830 pro

1123 1845 1325 1910 restituendo
1345 1863 1380 1912 66
1395 1849 1616 1912 conservando
1633 1851 1772 1912 scandere
1791 1853 1918 1931 regula-

1119 1936 1168 2008 'ris
1183 1947 1374 2026 discipline,
1405 1950 1490 2012 edita
1505 1951 1544 2012 eb
1566 1951 1693 2014 Urbano
1710 1954 1786 2014 vttl
1813 1953 1870 2016 die
1901 1957 1916 2016 1

1123 2045 1215 2110 16611
1233 2047 1320 2126 teto,
1338 2057 1369 2114 et
1384 2049 1483 2130 incip.
1505 2051 1678 2116 Militantis
1702 2053 1872 2116 Ecclesiae.

1398 2211 1513 2270 CAPUT
1532 2211 1630 2268 XXl'll

1306 2322 1345 2380 no
1361 2323 1526 2396 capitiarium
1538 2325 1730 2395 praecedentis.

1122 2445 1136 2518 5
1153 2445 1274 2505 1.-116
1292 2451 1475 2522 precedentis
1496 2451 1569 2576 161166
1592 2452 1732 2525 regulares
1755 2461 1785 2509 61
1800 2453 1916 2512 alenam
2012 2407 2013 2472 1

1443 2537 1598 2580 secusres.

1161 2645 1286 2727 liegula
1325 2650 1487 2728 generalis
1524 2659 1604 2716 est:
1635 2677 1651 2710 ι
1698 2653 1913 2717 Precedeotis

1124 2761 1251 2823 semper
1288 2747 1495 2826 dignioribus
1539 2751 1644 2815 danda
1693 2759 1786 2816 est»
1818 2753 1913 2834 (Sacc.

1123 2844 1256 2906 llituum
1273 2861 1383 2928 congr.
1401 2845 1552 2929 pluries.)

1162 2945 1308 3009 Secunda
1333 2948 1445 3027 regula
1474 2949 1521 3012 sic
1544 2947 1704 3012 habetur:
1734 2969 1751 3009 s
1795 2953 1915 3015 Prece-

1123 3042 1229 3109 dentia
1253 3063 1380 3127 semper
1398 3048 1534 3112 debetur
1555 3049 1641 3113 clero
1677 3047 1831 3114 seculari
1856 3070 1912 3115 su·

1124 3161 1180 3226 pra
1205 3149 1381 3229 regulares,
1416 3150 1510 3212 etiam
1533 3151 1566 3212 in
1596 3151 1742 3232 ipsorum
1782 3154 1912 3234 regula·

1122 3247 1375 3314 riumacclesiis.
1392 3273 1406 3307 a
1421 3250 1466 3331 (G.
1484 3247 1594 3326 11166,
1612 3254 1772 3329 6666616,
1791 3261 1908 3334 quest.

1124 3349 1153 3422 1,
1170 3363 1243 3409 cum
1274 3348 1462 3426 similibus;
1485 3358 1516 3414 et
1540 3369 1620 3417 sacr.
1637 3369 1747 3434 congr.
1779 3355 1911 3419 Rittium

1123 3447 1267 3528 sepius.)

1162 3541 1188 3602 l.
1216 3542 1305 3606 Unde
1333 3544 1479 3626 episcopi
1519 3549 1764 3627 praecedentiam
1794 3551 1911 3616 habent

1126 3657 1223 3722 supra
1243 3661 1456 3726 quoscunque
1505 3647 1632 3712 abbates
1662 3657 1693 3711 et
1720 3653 1911 3730 superiores

1123 3743 1319 3822 regularium
1353 3746 1520 3825 generales
1552 3749 1646 3811 etiam
1692 3749 1727 3813 in
1754 3751 1910 3816 dictorum

1123 3844 1320 3923 regularium
1351 3847 1510 3910 ecclesiis.

1163 3945 1203 4010 ll.
1218 3947 1341 4011 Prelati
1356 3949 1518 4028 regulares
1533 3955 1775 4030 precedentium
1791 3955 1910 4018 habent

1123 4061 1221 4128 supra
1231 4065 1343 4112 omnes
1354 4049 1488 4114 clericos
1501 4055 1670 4118 secrrlares
1683 4073 1747 4118 non
1765 4058 1910 4136 prelatos

1124 4155 1335 4228 preterquam
1354 4148 1388 4212 in
1404 4153 1576 4234 canonicos
1593 4153 1784 4218 cathedralis
1809 4157 1912 4219 eccle-

1124 4247 1181 4310 sie
1194 4248 1411 4327 capitulariter
1429 4250 1697 4331 intervenientes,
1714 4254 1794 4335 quia
1816 4272 1911 4319 cano·

1124 4347 1188 4409 nioi
1225 4347 1414 4412 cathedralis
1443 4351 1587 4432 episcopi
1618 4371 1734 4432 corpus
1762 4355 1909 4420 formant.

1125 4443 1184 4505 Sed
1202 4443 1322 4522 prelati
1352 4445 1516 4526 regulares
1540 4450 1750 4528 precedentis
1774 4454 1911 4532 gaudent

1125 4547 1406 4622 supracanonicos
1423 4547 1469 4610 uti
1496 4547 1653 4629 singulos,
1682 4561 1776 4630 prout
1805 4554 1910 4617 decla·

1126 4653 1194 4706 rent
1207 4646 1333 4708 decreta
1350 4663 1429 4711 sacr.
1447 4651 1704 4731 congregationis
1719 4653 1856 4716 liituum
1882 4659 1912 4714 et

1125 4741 1185 4804 6116
1200 4742 1284 4822 jura.

1165 4847 1222 4910 lll.
1243 4846 1390 4909 Clemens
1409 4848 1461 4920 tv,
1476 4847 1509 4909 in
1529 4849 1694 4916 decretali.
1721 4851 1761 4914 Ut
1786 4860 1911 4930 aposto·

1126 4945 1202 5025 licat,
1217 4949 1261 5010 Dc
1271 4949 1358 5030 priv.
1374 4949 1408 5012 in
1422 4951 1453 5025 6,
1469 4951 1610 5014 decrerit
1624 4959 1659 5014 ut
1673 4951 1802 5016 abbates
1816 4961 1847 5016 ct
1858 4951 1911 5014 alii

1126 5052 1278 5132 exempti,
1308 5052 1428 5133 quibus
1451 5069 1533 5114 usus
1562 5052 1793 5132 pontificalium
1823 5060 1911 5115 esta

1126 5151 1203 5215 sede
1217 5151 1392 5232 apostolica
1415 5168 1599 5227 concessus,
1612 5152 1645 5214 in
1662 5152 1909 5231 provincialibus

1126 5251 1272 5314 conciliis
1301 5258 1332 5314 et
1351 5249 1590 5331 episcopalibus
1609 5251 1743 5330 synodis
1768 5249 1817 5312 uti
1841 5265 1910 5329 pos·

1126 5351 1189 5414 sint
1205 5351 1306 5414 mitris
1323 5351 1541 5414 tantummodo
1567 5366 1646 5413 suro
1675 5349 1820 5428 irisiatis,
1848 5365 1909 5412 nou

1126 5461 1233 5516 tomen
1247 5469 1373 5526 aureas,
1389 5452 1438 5516 vel
1455 5463 1621 5532 argenteas
1640 5451 1772 5514 laminas
1791 5451 1908 5513 baben·
2010 5445 2011 5454 ’

1128 5554 1213 5616 tibus
1230 5576 1239 5616 ι
1256 5551 1375 5632 prelati
1390 5561 1497 5615 autem
1514 5568 1578 5632 666
1594 5551 1748 5632 exernpti,
1778 5551 1835 5614 sed
1856 5548 1910 5630 qui

1127 5673 1223 5718 visum
1239 5654 1467 5734 pontificalium
1486 5651 1613 5726 liabent,
1629 5653 1662 5715 in
1673 5653 1790 5715 iisdem
1814 5650 1909 5714 sacris
2010 5719 2011 5726 q

1127 5754 1349 5828 conventibus,
1367 5753 1469 5820 mitris
1485 5755 1575 5834 puris
1599 5755 1752 5818 duntaxat
1776 5760 1808 5817 et
1832 5751 1909 5814 siut·

1128 5849 1908 5940 61161166,6Ι1116616166166166661661116666166.
2010 5895 2011 5962 q
