4044 6458
260 323 315 388 aaa
760 325 875 391 rums
893 321 1075 390 canumet
1094 323 1358 398 eouranmuu.
1844 323 1901 388 eoo
2004 271 2005 344 Ῐ

263 448 403 508 aeteram
419 458 525 506 coram
548 442 1051 528 aodemjudiceconrenit,ejus
1106 441 1168 508 bus
1186 445 1228 509 sit
1242 445 1356 522 inicus,
1391 443 1474 510 aiter
1499 444 1704 510 ctericusar.
1723 458 1773 520 gr.
1788 439 1819 502 si
1836 439 1902 502 cie·
2004 431 2005 434 ’

260 548 349 604 actus
376 544 576 608 ressurectio
606 552 745 619 vocatur.
765 544 799 606 in
826 558 922 626 causa
946 549 1052 606 autem
1106 544 1191 606 ricus
1205 546 1429 629 coramjudico
1457 545 1537 622 iaico
1554 554 1663 608 contra
1686 542 1807 616 taicum
1826 545 1902 620 agat
2004 587 2005 618 2

260 659 354 722 quom
401 660 476 706 reus
510 645 559 708 sie
612 645 855 713 reconveniendo
902 643 1054 724 proponit
1107 644 1318 720 possessorio,
1336 662 1372 708 ac
1388 651 1497 723 postca
1521 649 1631 706 contra
1649 643 1756 724 ipsum
1787 647 1903 716 agatur

259 744 623 822 crirrtrncctorem,ipse
647 745 938 818 irtactor,etriee
965 761 1052 808 tersa
1105 739 1277 820 petitoriam
1316 759 1389 804 nam
1423 751 1498 809 tunc
1521 741 1677 822 iudicium
1709 737 1902 818 petitorium
2004 739 2005 802 3

261 855 349 908 ector
379 845 422 906 rei
449 861 621 924 personam
645 845 763 909 induit.
789 845 878 910 Unde
896 844 921 906 si
944 844 1053 906 stricte
1106 837 1205 902 laicus
1233 841 1334 921 judex
1371 843 1527 908 adversus
1565 840 1719 903 clericum
1766 845 1902 898 tractare
2004 843 2005 848 ’

258 951 440 1006 seruaretur
466 944 601 1014 coiedrris
630 945 752 1023 regula,
769 951 862 1012 octor
878 945 986 1025 sorum
1005 941 1054 1004 roi
1105 952 1169 998 non
1189 946 1304 1019 potest,
1337 957 1409 1004 eum
1429 939 1472 1002 sit
1500 938 1636 1016 incapax
1655 933 1901 1016 jurisdictionis
2004 1023 2005 1028 γ

259 1045 413 1126 seqnitur,
451 1045 509 1124 (μή
550 1045 752 1119 reconvenit,
785 1061 849 1112 non
883 1051 991 1126 posset
1019 1045 1052 1107 id
1105 1035 1139 1098 itt
1170 1037 1335 1103 clericum.
1375 1039 1430 1118 (C.
1457 1039 1513 1102 dn,
1541 1038 1586 1104 Dr
1606 1034 1754 1129 judiciii·
1781 1033 1839 1094 fib·
1870 1048 1901 1090 ¹¹

258 1142 438 1213 facerenisi
460 1161 565 1206 coram
591 1145 745 1208 tribunati
777 1161 876 1226 aquo
895 1145 1049 1224 penderet
1104 1138 1320 1204 Dictaeis-
1340 1140 1459 1205 caetera
1480 1140 1553 1204 tide
1576 1139 1662 1221 apud
1686 1139 1898 1202 Seruium.
2004 1179 2005 1184 κ

259 1245 391 1314 adsensa
412 1262 503 1322 parer
524 1245 581 1314 sed
596 1245 668 1324 jura
689 1246 845 1310 canonico
861 1261 924 1308 non
942 1245 1051 1311 minus
1104 1235 1183 1299 tntu.
1202 1255 1234 1300 u.
1250 1238 1315 1320 75.)

260 1363 355 1424 quam
386 1348 591 1412 iustininneo
618 1357 748 1414 cautum
778 1353 838 1423 est,
867 1354 915 1421 ut,
946 1347 1053 1414 uiritit
1142 1341 1174 1403 3.
1197 1341 1380 1422 Aliquando
1415 1343 1524 1406 euenit
1547 1346 1583 1408 ut
1612 1341 1710 1420 certis
1747 1339 1899 1421 persenis
2004 1365 2005 1422 p

259 1447 441 1518 corruentio,
455 1448 499 1510 ibi
514 1448 610 1510 simui
628 1448 694 1512 neri
712 1449 813 1527 possit
825 1447 1050 1520 reconventim
1103 1441 1297 1504 concedatur
1311 1439 1416 1504 iorum
1442 1440 1677 1522 privilegiatum
1693 1459 1703 1514 ς
1721 1439 1750 1502 rt
1773 1439 1899 1511 seilicet
2004 1441 2005 1524 ᾗ

259 1547 402 1626 etjudex
417 1549 471 1628 qui
485 1548 744 1626 jurisdictionem
759 1549 854 1614 trahet
877 1548 915 1610 ad
943 1550 1054 1617 termi·
1103 1539 1200 1634 hujus
1224 1541 1403 1622 privilegii,
1447 1541 1548 1624 judex
1572 1541 1629 1621 qui
1665 1541 1816 1622 eiioquin
1866 1541 1899 1604 in

258 1647 395 1712 narrdam
425 1665 553 1712 causam
592 1651 839 1722 conventionis,
885 1649 945 1714 iaec
978 1648 1052 1730 ipso
1104 1641 1265 1722 ejusmodi
1316 1659 1482 1724 personne,
1517 1642 1647 1724 quando
1692 1642 1726 1704 in
1771 1641 1900 1722 judicio

259 1749 415 1825 equalem
462 1749 575 1812 habeat
614 1749 653 1810 ad
680 1749 910 1812 terminandam
952 1747 1049 1810 simui
1105 1739 1287 1818 trahuntur,
1325 1741 1589 1821 jurisdictionem
1641 1757 1705 1804 non
1752 1741 1898 1816 haberet,

259 1861 388 1909 causam
419 1845 700 1921 reconventionis3
728 1853 761 1916 ut
785 1853 871 1924 patet
889 1863 929 1908 ex
951 1846 1001 1908 tit.
1019 1865 1052 1910 rr
1104 1858 1177 1920 erga
1195 1842 1323 1904 easdem
1338 1841 1588 1921 competentiam
1603 1841 1765 1920 acquirit3
1785 1849 1818 1904 et
1831 1840 1898 1902 rice
2004 1829 2005 1918 ζ

247 1935 303 2006 'De
317 1947 434 2008 mutuis
455 1943 663 2023 petitionibus
685 1945 743 2007 tiu.
761 1962 785 2006 rx
826 1945 1048 2010 Decrctciium.
1103 1959 1193 2005 xerse
1209 1943 1309 2022 judex
1332 1942 1528 2017 ordinarius,
1545 1944 1586 2005 ob
1610 1944 1783 2006 obtentum
1800 1943 1899 2025 priri·
2004 1967 2005 2014 t

260 2045 299 2106 Et
314 2043 361 2108 sic
381 2045 488 2106 euenit
508 2054 540 2106 ut
565 2044 679 2124 judex,
705 2045 761 2132 qui
776 2043 1003 2124 jurisdictione
1018 2050 1049 2110 in
1104 2041 1223 2121 legium
1251 2044 1470 2124 impersonari
1503 2044 1725 2124 privilegiatos
1769 2060 1900 2124 compe-
2004 2027 2005 2060 ³

257 2143 398 2224 aliquam
431 2161 559 2212 causam
586 2152 723 2217 careret,
751 2161 821 2207 eam
855 2144 1000 2226 acquirat
1022 2145 1050 2209 si
1102 2145 1239 2214 tentiam
1264 2145 1394 2220 amittit.
1422 2145 1517 2224 Quod
1551 2161 1647 2210 omne
1679 2143 1898 2226 iudicandum
2004 2147 2005 2156 ’

259 2263 355 2309 cauca
386 2246 453 2312 hec
471 2265 528 2324 per
559 2247 689 2310 modum
718 2246 981 2319 «reconventionis
999 2264 1051 2312 co·
1104 2250 1152 2308 est
1164 2263 1202 2316 ex
1219 2246 1324 2327 ipsius
1342 2245 1462 2311 indulti
1475 2254 1604 2314 tenore.
2004 2245 2005 2252 ’

257 2361 324 2409 '⁰¹¹¹
338 2345 442 2424 ipsius
458 2346 611 2410 ‘immun
632 2353 864 2426 W⁰P⁰⁰i¹¹¹¹¹·'
1102 2361 1222 2437 W„-
1238 2363 1277 2422 De
1297 2366 1400 2439 iudicis
1416 2366 1601 2436 competentia
1629 2364 1655 2422 ei
1679 2365 1840 2432 ordinaria
1854 2365 1898 2436 ju·

295 2447 326 2508 2.
347 2445 433 2522 Quin
454 2446 498 2508 eit
518 2463 684 2512 mucrene
710 2447 877 2520 concreto,
902 2465 957 2508 eeu
978 2465 1052 2510 eon·
1416 2436 1595 2494 ¹⁵⁸d³⁰²¹⁰¹¹¹⁸·

257 2547 453 2610 nemetae-
468 2548 658 2613 «corruere
676 2551 829 2614 dicuutur
843 2552 915 2614 dure
931 2568 1048 2627 cause,
1141 2547 1330 2616 iurisdictio
1358 2549 1520 2630 ¹ordinaria
1549 2567 1622 2631 que
1654 2547 1897 2629 magistratibus

258 2649 388 2726 quande
416 2666 479 2712 uua
510 2650 582 2711 sina
611 2650 708 2714 attera
737 2651 904 2714 commode
933 2651 1051 2716 discuti
1103 2645 1151 2710 tei
1197 2649 1421 2729 superioribus
1457 2651 1611 2728 competit
1648 2650 1678 2712 ni
1708 2649 1895 2728 ipsiusmet,

257 2755 288 2812 et
303 2748 411 2812 dirimi
443 2750 678 2831 nequi13quod
705 2752 825 2827 evenit,
847 2752 894 2815 rei
920 2753 1050 2832 quando
1101 2763 1168 2826 quo
1196 2745 1397 2826 iunguntur,
1426 2747 1520 2820 officii
1550 2767 1608 2816 seu
1640 2747 1805 2824 muneris,
1838 2747 1897 2808 du·

260 2850 370 2928 piures
398 2867 543 2931 personna
569 2853 680 2922 eadem
707 2869 800 2916 causa
828 2854 1048 2927 involvuntur,
1101 2849 1193 2930 plicis
1231 2853 1359 2930 generis
1391 2857 1459 2926 csi;
1490 2850 1553 2920 ulia
1590 2867 1707 2934 nempe
1740 2849 1895 2914 territorii

256 2949 346 3028 quia,
365 2951 450 3014 rerbi
471 2953 584 3031 gretia,
600 2953 785 3017 coheredes
799 2964 857 3016 aut
872 2954 968 3017 socie
984 2955 1051 3017 iue-
1100 2950 1237 3031 alicujus
1259 2950 1406 3014 terminia
1430 2952 1688 3030 circumscriptor
1716 2949 1779 3012 aiis
1819 2969 1894 3017 rere

258 3058 353 3123 ruut;
370 3050 419 3112 rei
453 3053 584 3130 quatrdo
610 3069 716 3116 cauae
739 3052 860 3116 decisio
885 3053 1003 3134 pendet
1029 3069 1050 3117 a
1100 3051 1244 3114 abomni
1261 3049 1446 3116 territoriaii
1470 3049 1776 3130 circumscriptione
1804 3049 1897 3114 inda-

256 3147 421 3213 (incisione
437 3150 579 3230 pierium
592 3152 851 3230 questionum.»
1100 3155 1258 3236 pendens.
1288 3153 1488 3228 iurisdictio,
1508 3169 1539 3216 r.
1554 3169 1603 3232 pr.
1630 3151 1774 3231 episcopi
1793 3153 1896 3232 tripti-

296 3247 417 3327 Reguie
455 3252 614 3330 generatis
643 3261 698 3316 est
736 3269 849 3316 causas
886 3269 1049 3319 connexas
1099 3257 1180 3320 citer
1208 3255 1463 3332 determinatum
1505 3255 1666 3336 peraccis,
1712 3253 1824 3317 causis
1863 3262 1893 3315 et

257 3354 297 3418 ab
315 3351 577 3430 mroeodernoue
591 3352 702 3432 jndice
721 3354 829 3418 dirimi
846 3355 980 3434 donare,
1011 3365 1049 3422 ut
1100 3356 1191 3431 ioco;
1214 3363 1266 3420 cst
1298 3371 1415 3436 nempe
1451 3354 1484 3420 in
1516 3361 1619 3426 certas
1646 3368 1816 3432 personas,
1861 3353 1893 3415 in

258 3453 452 3532 cottigiture
473 3453 587 3516 multis
605 3453 691 3533 juris
716 3455 864 3519 canonici
893 3459 1047 3535 textibus,
1099 3467 1202 3520 certas
1216 3473 1327 3520 causas
1347 3463 1380 3520 et
1400 3456 1482 3520 intra
1512 3456 1592 3523 fines
1607 3455 1789 3526 dioeceseos
1804 3470 1893 3521 coar·

256 3569 339 3634 quos
369 3553 527 3615 indicatos
561 3553 634 3618 ride
661 3555 753 3634 ¹apud
787 3555 981 3638 Schmaizgr.
1015 3558 1047 3622 in
1099 3559 1290 3622 etaturSunt
1310 3556 1482 3621 autemaiii
1506 3554 1894 3636 prelatiquorumjuris·

257 3653 306 3717 tit.
323 3673 345 3724 a,
362 3653 415 3716 tib.
434 3655 476 3717 ii.
498 3653 655 3718 Deeratsi.
671 3673 705 3720 u.
719 3657 773 3722 Ὦ.
1099 3658 1197 3723 dictio
1229 3657 1401 3738 dupliciter
1443 3657 1598 3726 duntaxat
1636 3653 1890 3724 determinatur,

297 3751 407 3829 «Ques
434 3752 538 3832 judee
561 3755 599 3818 t'e
636 3755 739 3819 caeeis
762 3758 914 3821 coenomia
941 3757 1050 3839 icpiti·
1099 3757 1246 3839 personis
1273 3755 1395 3828 scilicet
1411 3762 1442 3829 et
1469 3755 1889 3832 causis‚.1'aiessunt,r.

256 3871 325 3914 mes
345 3854 642 3918 citiiionomnine
670 3858 1047 3930 conveniuntdnctores.
1100 3863 1328 3945 gr.generaias
1351 3861 1500 3924 ordinum
1535 3858 1762 3939 religiosorum
1797 3873 1893 3935 supe-

256 3951 320 4014 atti
336 3961 449 4032 putant
464 3954 650 4019 adeundum
666 3957 871 4035 superiorem
901 3969 1049 4040 respectu
1100 3964 1214 4036 riores,
1257 3960 1520 4042 congregationes
1552 3959 1712 4034 ,Romanae
1745 3956 1889 4019 cardina-

256 4051 403 4116 omnium
430 4053 587 4120 interesse
619 4051 848 4121 habentium...
876 4057 943 4119 titt
971 4061 1049 4121 nui·
1102 4059 1337 4136 tium,etc.11i
1362 4053 1890 4141 nempejurisdictionemhabent

257 4151 514 4215 lumdiscrimen
535 4155 618 4217 inter
633 4153 774 4234 judicem
790 4157 1003 4236 superiorem,
1019 4165 1050 4222 et
1103 4168 1286 4242 parietum
1332 4160 1507 4233 mundetur
1545 4157 1717 4232 adoerius
1760 4154 1889 4234 quidem

257 4249 441 4314 interiorem
467 4249 634 4327 iacientes,
665 4263 777 4332 putant
801 4255 848 4318 ibi
885 4256 1049 4322 terminari
1102 4277 1255 4342 personas
1285 4267 1318 4325 et
1350 4267 1452 4323 certas
1487 4273 1655 4332 cattsaaum
1683 4255 1813 4332 speeies
1842 4270 1891 4316 re-

258 4351 346 4415 iitem
376 4353 505 4428 debere,
542 4353 596 4433 ubi
631 4354 678 4416 rei
718 4364 827 4419 contra
878 4374 979 4421 uuum
1011 4377 1050 4423 ex
1100 4361 1257 4434 strictam,
1297 4356 1354 4423 sed
1383 4373 1450 4427 ,non
1473 4355 1514 4428 oti
1542 4353 1801 4434 cariacitorum
1825 4350 1890 4412 sire

257 4453 378 4516 corruis
415 4462 632 4533 preoccupata
664 4463 724 4530 ast,
744 4462 804 4520 etc.
838 4455 944 4539 (quod
978 4459 1050 4524 ride
1098 4442 1314 4536 territorium.

256 4555 559 4633 apudscaanczca.
587 4570 620 4616 n·
639 4552 704 4636 ii.)
781 4611 783 4616 .
1139 4561 1168 4624 1.
1184 4561 1319 4635 Quando
1334 4557 1438 4638 agitur
1452 4556 1492 4622 de
1515 4554 1557 4624 iis
1580 4553 1810 4636 superioribus
1835 4551 1888 4634 qui

299 4656 468 4718 Generalis
485 4656 593 4734 reguis
609 4655 696 4734 qued
707 4655 820 4736 iudex.
836 4657 1051 4738 quicognetit
1087 4649 1357 4743 iurisdictionem
1375 4655 1526 4720 habenta
1546 4653 1729 4719 territoriati
1759 4653 1891 4716 circum·

255 4755 298 4817 de
325 4773 386 4817 una
412 4771 520 4827 causa,
545 4753 644 4844 etiam
670 4772 865 4833 cognoscere
880 4759 920 4821 dc
952 4760 1049 4825 attera
1097 4761 1276 4842 scriptione
1305 4759 1451 4830 tiberem,
1486 4755 1661 4824 ridendum
1703 4759 1754 4818 est
1788 4762 1891 4816 utrum

255 4871 402 4918 centrexa
453 4853 579 4926 debeat,
612 4855 721 4934 piures
743 4858 956 4937 exceptiones
996 4863 1050 4924 ad·
1098 4861 1350 4942 persnnoeinter
1375 4854 1892 4940 quaseausauertitumatcausa

258 4955 471 5018 mittit21·Si
508 4971 582 5017 reus
613 4965 794 5019 correentus
822 4968 932 5023 eontra
964 4963 1050 5023 diri·
1101 4963 1185 5044 ipsa,
1217 4960 1405 5024 eorumdem
1439 4957 1642 5038 superiorum
1671 4951 1893 5034 jurisdictioni

257 5058 571 5120 dentem-causarum
587 5053 784 5118 continentia
809 5073 871 5120 non
889 5061 1048 5140 excipiat:
1099 5060 1233 5124 inerunt
1258 5057 1421 5139 subjecte.
1441 5057 1520 5132 Que
1545 5055 1618 5121 due
1642 5053 1852 5126 conditiones
1869 5049 1894 5112 si

253 5163 336 5221 ¹tune
370 5157 455 5220 enim
487 5159 533 5219 sic
561 5161 629 5219 acta
665 5157 698 5218 in
744 5157 882 5223 diversis
917 5161 1050 5241 Judiciis
1099 5161 1319 5234 neriircentur,
1353 5157 1455 5221 aderit
1478 5155 1693 5235 competentia
1722 5175 1732 5216 r
1762 5154 1797 5215 si·
1822 5169 1894 5216 xero

259 5257 377 5319 nrinnt.
392 5257 476 5318 -2‘
500 5257 532 5318 Si
549 5272 612 5318 una
643 5273 740 5320 cansa
762 5257 804 5320 sit
846 5263 1048 5341 temporatia,
1099 5263 1202 5326 amiras
1222 5263 1270 5326 rei
1287 5260 1435 5325 alterutra
1461 5258 1620 5334 deficient,
1636 5265 1668 5321 et
1687 5255 1895 5336 ipeacempe·

258 5356 356 5421 altera
381 5362 488 5418 autem
507 5369 549 5418 ex
571 5353 728 5418 connexis
753 5355 947 5434 spiritualis,
976 5369 1051 5426 tunc
1099 5364 1203 5426 tantia
1218 5361 1335 5424 deerit.

255 5435 357 5538 j'rrdex
402 5457 502 5520 laicus
536 5453 576 5519 de
600 5454 775 5533 temporati
805 5474 902 5528 causa
932 5475 1051 5539 cogno·
1143 5457 1336 5535 {tonando
1363 5455 1526 5521 ordinaria
1554 5453 1605 5536 (et
1628 5449 1891 5532 etiamdeiegatai

258 5571 365 5632 scens,
391 5555 593 5638 spirituatem
624 5571 803 5619 connexam
825 5558 988 5626 remittere
1011 5563 1050 5626 ed
1101 5559 1286 5643 iurisdictio
1303 5575 1367 5621 nen
1385 5564 1509 5626 tantum
1525 5555 1563 5623 ad
1583 5561 1698 5619 -certas
1740 5569 1891 5634 personas

254 5655 1051 5736 indicemecclesiasticumtenatur.(C.Termi,
1105 5665 1252 5726 etcertes
1288 5673 1457 5722 causarum
1498 5653 1624 5735 species
1674 5651 1889 5732 restringitur,

261 5753 572 5836 Diardin.copnit.)
596 5755 718 5838 -,3·st
739 5759 1049 5840 unuscxiitiganti·
1107 5760 1163 5826 sed
1202 5760 1338 5838 iusuper
1381 5756 1464 5821 intra
1499 5753 1578 5822 certi
1614 5754 1769 5820 territorii
1814 5753 1889 5816 iiues
