4004 6458
115 312 176 382 ῑιι

224 431 239 505 t
258 429 304 488 lx.
319 459 353 472 -
364 430 403 488 lte
421 429 546 488 interiori
557 429 681 490 ecclesie
695 430 800 504 politia.

161 556 187 618 l.
216 551 315 616 Nemo
345 559 450 631 potest
496 550 612 614 babere
643 550 814 616 fenestram
851 567 910 630 per

114 669 215 736 quam
242 658 444 732 prospectae,
482 667 542 716 nec
564 658 685 732 portam
719 663 776 732 pet
811 667 907 732 quam

114 755 274 818 transitus
314 753 469 818 habeatnr
496 753 530 816 in
553 751 835 827 ecelesiam,<sine
859 749 910 814 in·

84 916 92 924 .
116 858 210 922 dullo
226 857 418 934 apostolico,
433 863 470 921 ut
493 856 614 937 pluries
636 855 806 922 declaravit
824 873 907 918 saer.

86 943 367 1052 {congasspise
398 963 429 1020 et
452 957 575 1039 begui.
614 956 684 1020 lmn
728 956 908 1036 injungitur

114 1063 282 1140 episcopo,
300 1069 335 1124 nt
350 1069 492 1140 cryptas,
506 1068 539 1122 et
551 1059 658 1123 aditus
681 1060 908 1124 subterraneos

113 1182 136 1226 a
150 1162 299 1225 domibus
315 1161 508 1242 privatorum
525 1162 563 1222 ad
589 1161 760 1236 ecclesias,
786 1168 817 1224 et
840 1161 908 1224 loca

117 1262 287 1336 immunia,
302 1269 335 1322 ut
354 1261 470 1323 donans
485 1259 614 1340 parochi
639 1261 782 1324 eeclesiae
800 1261 908 1326 eonti-

112 1382 187 1444 gua,
204 1364 354 1428 claudere
370 1364 472 1427 faciat.
483 1363 582 1428 lSaor.
597 1378 708 1440 congr.
721 1363 905 1440 immunit,

114 1465 260 1550 pluries.)

153 1591 195 1653 ll.
213 1588 345 1663 Scottis,
364 1604 422 1651 seu
446 1602 573 1649 scamna
588 1601 714 1668 propria
739 1598 858 1662 ponere
872 1583 906 1646 in

114 1688 251 1752 ecelesia
266 1702 362 1750 nemo
380 1691 482 1765 potest
498 1686 619 1764 absque
633 1681 782 1746 iucultate
806 1687 908 1745 recto·

112 1790 158 1852 ris
174 1787 318 1854 ecclesie
333 1797 364 1850 at
393 1787 496 1849 inrito
511 1787 677 1865 episcope,
701 1791 732 1847 et
752 1782 778 1846 si
796 1782 835 1845 ab
851 1781 907 1844 uli·

113 1891 234 1973 quibus
258 1896 483 1970 apponuntur,
508 1895 644 1967 possunt
668 1903 684 1947 a
713 1893 852 1956 rectore,
875 1894 907 1946 et

113 1993 268 2070 episcopo
293 1987 471 2060 removeri.
504 1986 643 2048 inarime
672 1987 800 2064 quando
831 1990 906 2046 sunt

113 2109 207 2154 causa
225 2089 364 2154 rumoris
380 2095 410 2151 et
429 2085 612 2166 impediunt
637 2081 848 2157 functiones,
874 2088 906 2144 et

112 2190 330 2262 celebrantes,
348 2192 382 2251 ut
397 2187 517 2268 pluries
547 2183 651 2249 tenuit
684 2199 768 2246 sacr.
792 2198 902 2262 congr.

112 2291 221 2368 Episc.
232 2298 264 2353 et
278 2289 423 2352 liituum.

150 2410 209 2473 lll.
223 2411 272 2472 Ex
293 2409 461 2473 tolerantia
493 2415 610 2483 tamen,
631 2411 677 2474 rel
695 2411 822 2476 licentia
838 2416 906 2496 epi-

115 2511 218 2590 scopi,
236 2527 293 2572 seu
312 2509 443 2572 rectoris
458 2509 601 2574 eeclesias
618 2520 752 2590 possunt
768 2512 837 2575 laici
854 2531 906 2576 aa·

110 2609 305 2688 quirerejus
320 2609 478 2671 retinendi
495 2611 608 2671 sedilia
624 2612 655 2672 in
673 2612 817 2689 ecclesia,
838 2628 901 2674 non

109 2710 218 2789 quoad
234 2709 412 2772 dorrrtninm
429 2726 485 2770 seu
506 2711 748 2787 proprietatem,
765 2711 821 2773 sed
846 2729 903 2775 so·

110 2809 177 2870 lum
194 2811 300 2890 quoad
313 2793 405 2870 usum
424 2808 635 2871 revocabilem
648 2811 685 2871 ad
711 2811 836 2874 libitum
851 2833 904 2876 re·

109 2909 208 2971 cteris
232 2917 263 2972 et
282 2908 437 2986 episcopi.
461 2906 590 2987 (Congr.
619 2910 725 2988 Episc.
752 2919 782 2974 et
811 2929 901 2973 com-

108 3009 245 3089 munis.)
273 3010 356 3072 Hinc
379 3026 443 3072 non
474 3015 608 3089 possunt
642 3009 713 3072 laici
753 3013 900 3090 praedicta

107 3110 238 3183 sedilia,
255 3128 311 3173 seu
325 3127 466 3182 scamna,
479 3117 534 3172 aut
551 3128 661 3173 eorum
681 3119 813 3188 partem,
832 3113 900 3174 siro

107 3213 297 3275 eorumdem
315 3231 420 3282 usum,
443 3211 561 3283 locum,
577 3220 633 3274 aut
647 3212 743 3272 situm
763 3211 833 3275 aliis
846 3229 902 3275 ce-

106 3319 199 3387 dere,
223 3314 363 3388 donare,
382 3320 436 3374 aut
459 3313 685 3394 quoquomodo
710 3315 899 3386 concedere,

106 3413 172 3474 uisi
189 3412 332 3492 episcopi
345 3432 403 3474 seu
418 3412 549 3474 rectoris
564 3429 742 3474 consensus
758 3417 899 3481 accedat.

107 3511 153 3594 (S.
166 3529 277 3590 congr.
288 3511 424 3588 Concil,
440 3513 459 3574 5
473 3512 652 3592 septembr.
667 3513 772 3592 1665.)

146 3630 405 3693 lll.Consensas
438 3632 580 3710 episcopi
612 3639 643 3694 et
676 3633 810 3695 rectoris
834 3651 897 3697 non

106 3729 284 3807 requiritur
312 3745 508 3806 expressus.
536 3731 592 3793 sed
623 3730 740 3794 sufficit
771 3734 897 3803 tacitus.

103 3829 197 3892 Unde
212 3845 276 3890 noo
294 3839 399 3907 potest
418 3829 591 3908 episcopus
606 3831 689 3894 sicut
707 3847 766 3894 nce
794 3843 899 3896 reeter

104 3928 251 3992 ecelesiae
266 3927 356 3992 laicis
372 3930 496 3992 aulerre
510 3929 693 4009 hujusmodi
718 3933 786 4012 jus,
814 3932 842 3996 si
857 3934 897 3997 ab

103 4029 203 4091 initio
215 4045 328 4107 passus
343 4037 391 4090 est
407 4045 462 4091 eos
478 4028 593 4092 babere
612 4048 670 4094 seu
689 4032 825 4095 retinere
846 4051 898 4096 se·

103 4128 171 4193 dile
187 4129 219 4191 io
234 4128 343 4208 aliquo
356 4129 506 4192 Ecclesiae
526 4131 609 4206 loco,
629 4130 692 4190 nisi
705 4131 752 4192 sio
776 4148 896 4211 expos·

103 4228 394 4299 ceretserrilinm,
419 4245 477 4290 seu
508 4229 711 4290 commodum
741 4231 895 4306 ecclesiae,

105 4328 155 4390 rel
187 4329 287 4391 laicus
325 4331 534 4408 protenderet
568 4329 685 4394 babere
722 4329 807 4392 illuri
840 4331 895 4409 jus

102 4428 211 4508 quoad
242 4430 481 4508 proprietatem.
514 4430 564 4508 (S.
591 4447 700 4512 congr.
727 4431 792 4494 liit.
821 4433 895 4511 plu·

103 4523 196 4606 ries.)

411 310 507 406 Ρᾼῖιδ
531 310 583 372 lt.
604 310 653 370 DE
675 311 814 372 nauus„
828 337 862 350 ··
881 313 955 376 ala.
977 315 1029 378 11.
1052 317 1100 378 DE
1120 317 1220 382 tuna
1241 320 1460 384 tlabttetco

1700 325 1755 394 tto

962 447 1071 513 congr.
1095 435 1201 516 Episc.
1225 436 1373 519 pluries.)
1405 472 1439 484 -
1470 439 1534 502 Nec
1556 443 1658 520 potest
1679 441 1756 522 poni

963 551 1042 598 nora
1058 537 1151 600 sedes
1165 544 1238 601 ante
1254 544 1405 613 ueterem,
1422 538 1546 602 etiamsi
1557 539 1651 604 sedes
1662 548 1755 606 retus

962 650 1026 699 non
1048 644 1334 703 umoreuturasue
1350 641 1484 720 antiquo
1496 642 1600 704 situ...

1000 735 1057 798 Vl.
1078 736 1192 802 Contra
1212 749 1401 804 amoventes
1429 740 1542 806 sedilia
1571 741 1622 824 agi
1649 750 1754 824 potest

961 835 1087 900 actione
1107 837 1320 916 injnriarum,
1342 842 1467 909 etiamsi
1492 861 1647 910 amouens
1667 854 1754 912 esset

961 935 1201 1004 administrator
1218 941 1374 1006 ecclesian.

1002 1037 1071 1100 vlt.
1089 1040 1121 1103 Si
1139 1042 1272 1123 antiqua
1288 1043 1388 1108 torma
1406 1047 1550 1111 ecelesia
1565 1048 1754 1114 immutetur

961 1137 994 1199 ln
1015 1139 1108 1202 aliam
1125 1147 1330 1218 structurum,
1346 1146 1459 1210 sedilia
1475 1167 1532 1212 seu
1551 1168 1678 1214 scamna
1695 1152 1753 1214 lai·

961 1252 1071 1301 eorum
1087 1239 1118 1300 in
1136 1241 1189 1304 illa
1211 1242 1398 1306 exsistentia
1429 1247 1539 1323 carreni
1561 1249 1680 1312 debent
1696 1266 1753 1314 eo·

960 1333 1033 1398 dem
1049 1335 1174 1414 ordine,
1190 1358 1256 1422 quo
1273 1343 1517 1420 reperiebantur
1535 1356 1608 1409 anta
1631 1333 1750 1412 immo·

960 1436 1110 1500 talionem
1125 1436 1254 1502 lubricae
1270 1440 1317 1504 rel
1336 1441 1368 1502 in
1384 1443 1554 1525 locumque
1568 1447 1677 1525 digno.
1692 1449 1752 1512 lus

960 1533 1099 1599 habendi
1116 1539 1189 1600 talia
1205 1540 1330 1616 sedilia,
1344 1543 1392 1606 rel
1408 1545 1553 1624 sepulcra
1571 1548 1602 1608 in
1619 1549 1751 1613 ecclesia

960 1649 1148 1698 concessum
1177 1639 1272 1702 alicui
1297 1641 1451 1719 inmitia,
1478 1642 1526 1705 rel
1554 1644 1754 1709 descenden-

961 1731 1060 1805 tibus,
1078 1734 1382 1810 erstinctalamiliu,
1407 1741 1519 1803 transit
1546 1743 1584 1804 od
1610 1744 1751 1808 heredes

961 1842 1141 1912 extraneos,
1156 1839 1240 1901 sicut
1258 1848 1289 1904 et
1298 1842 1751 1934 juspatronatuegentilitiunr

959 1936 992 1998 in
1012 1937 1065 2000 tali
1082 1955 1158 2003 casu
1173 1942 1210 2004 ad
1234 1953 1402 2007 extraneos
1423 1945 1565 2010 lteredes
1590 1951 1749 2022 transiret,

959 2037 1023 2099 nisi
1047 2041 1183 2104 taratire
1210 2059 1401 2107 eoncessum
1421 2044 1535 2110 luisset
1554 2048 1619 2111 iltis
1640 2051 1680 2113 rle
1702 2049 1751 2114 la·

960 2136 1047 2199 arilia
1075 2142 1250 2210 duntaxat.
1282 2145 1330 2206 rel
1369 2146 1447 2209 solis
1467 2147 1750 2215 descendentibus.

959 2236 1005 2299 lta
1027 2239 1161 2303 multi...

999 2353 1081 2419 lllll.
1106 2357 1220 2422 sedilia
1243 2377 1305 2423 non
1330 2372 1466 2442 possunt
1485 2363 1518 2427 io
1547 2366 1682 2431 ecelesia
1705 2367 1751 2434 ita

958 2453 1124 2528 collocari,
1142 2466 1176 2522 ut
1198 2465 1348 2526 sedentes
1376 2474 1506 2546 vergant
1528 2476 1611 2548 terga
1631 2473 1670 2534 ad
1695 2469 1763 2534 SS.

963 2553 1228 2633 Sacramentum,
1260 2569 1290 2624 et
1313 2562 1372 2625 alia
1401 2565 1551 2629 indecora
1594 2567 1747 2633 orientur.

957 2653 1000 2734 (S.
1016 2656 1089 2719 Prua
1108 2659 1147 2730 V,
1164 2671 1267 2724 const.
1289 2661 1366 2726 Cum
1385 2667 1526 2746 primam
1550 2665 1750 2749 apostolatus

956 2752 1121 2842 ostiolum.)

994 2873 1052 2935 lx.
1068 2874 1166 2938 Strata
1184 2877 1221 2939 ad
1239 2879 1388 2945 ecelesias
1410 2883 1470 2946 sibi
1493 2885 1608 2948 deterri
1630 2886 1747 2961 lacere,

954 2973 1004 3036 rel
1022 2984 1124 3052 tapeta
1144 2984 1175 3040 et
1190 2980 1376 3046 baldat-bina
1396 2985 1529 3056 babere,
1545 2988 1670 3051 nemini
1687 2992 1747 3054 sub

955 3074 1106 3149 gravibus
1140 3079 1242 3155 pmnis
1269 3083 1365 3145 licere
1396 3084 1586 3162 declaratur,
1603 3089 1746 3168 exceptis

954 3174 1107 3238 duntaxat
1134 3182 1281 3255 personis
1319 3183 1589 3266 regalibusque
1621 3195 1744 3252 tantum

953 3279 1048 3336 strata
1063 3277 1180 3340 babere
1192 3290 1343 3358 possunt.
1362 3285 1521 3364 (Clemens
1537 3289 1595 3363 xl,
1610 3299 1689 3370 part.
1705 3308 1740 3352 nr

953 3375 1003 3436 sui
1020 3375 1164 3452 Bulluril,
1181 3379 1268 3442 decr.
1285 3383 1300 3442 l
1315 3399 1424 3462 congr.
1441 3384 1587 3466 cerem.)

990 3494 1034 3558 X.
1050 3497 1163 3560 Nullus
1179 3498 1277 3564 laicus
1289 3503 1401 3568 sedere
1415 3513 1516 3583 potest
1528 3507 1559 3568 in
1576 3507 1674 3574 clroro
1686 3529 1743 3575 seu
1804 3545 1805 3550 ι

952 3595 1206 3674 presbyterio,ut
1220 3602 1382 3664 multoties
1399 3605 1593 3681 prohibitum
1610 3616 1658 3671 est
1674 3615 1742 3674 tum

951 3694 1137 3772 abantiquo
1154 3703 1220 3758 tum
1241 3713 1357 3761 ancre
1368 3700 1452 3779 jura.
1478 3703 1538 3765 Sed
1562 3706 1651 3770 locus
1675 3727 1744 3773 ma-

951 3794 1136 3872 gistratibus
1152 3799 1364 3877 assignandus
1383 3812 1534 3884 esteatra
1553 3808 1700 3875 chorum.

991 3916 1050 3978 xl.
1067 3918 1189 3981 Musica
1208 3927 1256 3982 est
1274 3922 1313 3984 de
1326 3924 1399 4002 jure
1415 3927 1572 4002 permissa
1590 3931 1622 3993 in
1640 3935 1743 3997 eccle·

951 4017 998 4080 sia
1031 4029 1119 4082 textu
1145 4039 1300 4100 expresso
1326 4026 1360 4086 in
1392 4035 1552 4108 extravag.
1571 4032 1679 4110 Docte,
1700 4037 1743 4097 lla

950 4119 1008 4182 eil.
1026 4130 1052 4182 ct
1067 4121 1184 4185 tonost.
1200 4122 1304 4188 cleric.
1323 4126 1505 4210 Episcopus
1536 4151 1611 4198 vero
1638 4143 1741 4216 potest

951 4225 982 4281 et
1010 4220 1106 4283 debet
1135 4222 1306 4298 probibere
1339 4231 1426 4307 qnod
1457 4233 1489 4293 in
1520 4233 1653 4296 eeclesia
1674 4253 1739 4300 aen

950 4329 1107 4382 canantur
1125 4322 1157 4382 in
1183 4323 1320 4398 musico,
1347 4327 1410 4388 nisi
1430 4333 1523 4394 rerba
1550 4349 1651 4406 sacra,
1680 4336 1739 4400 de·

951 4431 1035 4492 rota,
1062 4429 1093 4484 et
1110 4425 1340 4501 ecclesiastiea,
1376 4439 1468 4505 prout
1487 4431 1740 4509 jussitrllexan·
1829 4463 1830 4466 ¹

949 4522 1006 4584 der
1018 4523 1074 4585 Vll
1090 4525 1189 4588 insua
1202 4535 1304 4590 const.
1321 4529 1472 4609 23April.
1489 4534 1579 4606 1667,
1596 4545 1626 4596 et
1643 4539 1740 4600 lano-

143 4648 183 4710 V.
210 4649 344 4723 Quando
370 4649 410 4711 lis
439 4658 487 4712 est
508 4651 594 4714 iuter
630 4652 769 4730 privatos
796 4670 895 4732 super
952 4624 1033 4684 ‘Mi‘
1067 4625 1389 4735 ¹⁰¹¹9⁰⁰⁰¹·X¹¹29⁰
1419 4632 1669 4712 A⁰ss⁰⁵¹·¹⁰923
1706 4645 1739 4701 01

102 4749 316 4827 competentia
338 4749 419 4822 loci,
442 4751 497 4832 qui
520 4761 597 4814 sunt
615 4751 648 4813 in
677 4754 893 4830 possessione,
948 4724 1069 4837 mim·
1091 4725 1234 4789 'simini
1264 4745 1345 4791 ⁸⁰⁵⁵·
1378 4731 1429 4802 22,
1446 4750 1515 4810 cap.
1530 4735 1551 4797 8
1567 4737 1611 4796 Dr
1625 4739 1736 4804 celebr.

102 4856 178 4911 sumt
191 4852 421 4914 manutenendi
437 4853 468 4914 in
478 4853 532 4915 tali
545 4853 762 4932 possessione,
772 4855 893 4934 absque
947 4843 1034 4885 mm·
1284 4900 1289 4911 .

101 4950 892 5048 novitate.tS.congr.llpise.,6ldortil1692.)
987 4946 1059 5010 llll.
1102 4949 1183 5011 Ludi
1228 4948 1412 5027 theatrales,
1437 4954 1532 5017 etiam
1580 4966 1736 5038 praetextu

101 5051 204 5115 Locus
220 5063 325 5116 autam
347 5056 381 5116 in
405 5055 539 5118 eeclesia
558 5073 729 5135 possessus
752 5059 892 5120 videnti·
947 5050 1207 5125 consuetudinis,
1228 5051 1261 5114 in
1281 5051 1440 5130 ecclesiis,
1455 5055 1502 5117 rel
1521 5075 1576 5136 per
1600 5059 1735 5122 clericos

101 5152 162 5213 bus
176 5161 208 5215 ot
228 5153 893 5232 patientibusrectore,totoolero,athomi·
947 5150 1014 5212 lieri
1050 5167 1114 5211 non
1130 5151 1261 5212 debant.
1292 5151 1340 5232 (C.
1358 5151 1434 5214 Cena
1456 5153 1596 5218 decorem
1612 5159 1660 5230 12,
1692 5159 1737 5220 lle

101 5252 197 5314 nibus
215 5253 394 5325 resistenti
406 5258 583 5338 aequiritur
603 5273 662 5337 per
685 5256 891 5336 decennium,
946 5251 1005 5313 eit.
1026 5258 1054 5312 et
1070 5249 1188 5314 laneat.
1214 5250 1332 5332 cleric.)
1347 5255 1411 5316 Nec
1427 5256 1459 5318 in
1493 5258 1636 5322 ecclesiis
1667 5261 1735 5324 peri

100 5353 140 5414 ita
157 5354 445 5432 praescribiturper
469 5355 768 5419 immemorabilem.
788 5359 891 5433 (itote,
948 5359 1084 5432 possunt
1114 5354 1431 5430 representationes,
1463 5373 1521 5420 scu
1550 5361 1734 5436 cornoediae,

101 5459 178 5531 part.
193 5471 289 5526 xrrrr,
313 5463 335 5516 ι.
354 5454 395 5524 ll,
418 5463 537 5518 recent.
564 5456 665 5518 decis.
690 5457 762 5528 781,
790 5475 823 5518 n.
847 5459 891 5535 i.)
947 5471 1146 5536 quacunque
1175 5454 1240 5517 illae
1269 5455 1522 5533 sintpprelanre,
1546 5460 1594 5521 rel
1623 5478 1733 5536 sacrm,

101 5555 255 5634 Adeoque
272 5555 393 5617 nemini
409 5556 602 5632 permittitur
619 5557 650 5618 in
669 5556 888 5636 prejudicium
947 5563 976 5616 et
997 5556 1219 5632 permittentes
1236 5555 1390 5633 puniendi
1408 5564 1493 5622 sunt.
1511 5560 1602 5638 (llari.
1620 5579 1687 5642 cop.
1703 5573 1733 5626 et

101 5653 522 5736 hujusmodijurlsqnmslti
551 5673 667 5736 pronora
694 5673 807 5718 novam
841 5672 892 5720 se·
947 5652 1410 5732 Concit.Telatcn.xarr,cap.
1437 5656 1734 5724 19‚-V,·d,pg„.

101 5757 258 5822 domante
276 5763 428 5820 veterem.
445 5753 633 5836 (notanter.
651 5773 682 5820 n.
699 5757 738 5830 ιιι
756 5762 786 5819 et
806 5773 888 5820 sarr.
948 5773 1022 5818 aaa.
1039 5757 1128 5820 rerb.
1149 5755 1291 5828 Ecclesia
1307 5755 1451 5836 passim.)
