4042 6458
272 349 327 418 395
791 355 904 418 lunis
922 349 1103 417 canonici
1123 349 1398 416 conpunctum.
1856 355 1910 420 396

272 465 320 547 (C.
334 463 397 527 lter
411 471 527 542 cutem,
543 479 640 530 eausa
654 465 705 539 td,
735 471 849 547 quast.
868 466 912 548 s.)
939 469 978 529 Et
993 479 1066 546 pro-
1120 465 1262 543 separari
1287 449 1467 546 nequeunt,
1509 479 1569 542 nec
1599 463 1706 530 elatem
1756 465 1913 530 obedien·

272 563 419 628 baturab
441 572 572 630 auctore
593 563 783 647 Institjur.
814 583 884 628 cau.
909 567 947 628 lt.
965 565 1064 627 dell.
1118 560 1195 625 tiam
1223 579 1384 640 recusare,
1416 563 1481 628 nisi
1517 564 1553 628 in
1587 581 1665 630 casu
1703 563 1816 643 unico,
1842 583 1911 648 quo

271 679 394 745 exque
424 661 491 728 iere
517 678 630 727 omnes
656 662 755 745 hujus
784 665 898 747 capitis
934 664 1067 729 conclu·
1113 660 1199 760 juris
1233 664 1389 728 naturalis
1421 665 1556 730 violatio
1596 664 1691 730 aliam
1717 665 1912 746 possibilem

271 765 383 831 siones
400 765 673 846 transcripsimus.
1116 764 1350 841 reparationem
1389 783 1486 848 quam
1528 768 1695 848 potestatis
1727 769 1912 849 depositio-

967 933 994 948 ..
1116 878 1268 928 nomnen
1284 865 1478 932 admitteret.
1501 867 1632 932 Etenim
1655 873 1798 948 potestas
1829 869 1913 932 ciri-

905 934 1064 993 ⁸⁹¹b¹¹¹²²ffi
1116 961 1156 1024 lis
1179 965 1402 1030 auctoritatem
1429 967 1572 1030 divinam
1586 974 1794 1047 repraesentat
1810 988 1820 1044 ς
1836 985 1911 1032 cum

307 1069 333 1132 l.
351 1071 494 1134 Potestas
506 1069 833 1150 gubernativaalieo
859 1077 931 1144 cst;
964 1070 1063 1151 buius
1119 1065 1162 1128 sit
1178 1067 1389 1134 societatibus
1414 1069 1611 1145 necessaria,
1649 1069 1721 1150 ejus
1748 1069 1911 1134 stabilitas

267 1178 377 1234 autem
394 1169 678 1250 potestatislorma
712 1178 841 1234 nonest
874 1169 1063 1233 immediata
1114 1165 1278 1230 decarum
1306 1167 1479 1232 stabilitate
1508 1169 1688 1250 participat.

267 1273 381 1348 abeo,
411 1272 467 1336 sed
506 1273 683 1353 generatim
709 1288 728 1337 a
755 1272 855 1336 libera
892 1271 1061 1335 bominum
1152 1269 1256 1346 Unde,
1274 1271 1469 1351 regulariter
1484 1272 1662 1354 loquendo,
1690 1289 1756 1336 non
1779 1281 1828 1337 est
1863 1271 1910 1336 li-

266 1372 482 1439 conrentione
499 1375 629 1452 pendet.
1112 1369 1225 1433 berum
1242 1372 1439 1435 successivis
1455 1373 1721 1452 generationibus
1737 1375 1800 1436 sibi
1830 1392 1907 1454 per·

306 1475 348 1536 ll.
370 1473 487 1535 Forma
512 1474 755 1554 patriarchalia.
772 1507 811 1520 -
832 1474 978 1536 Attamen
994 1473 1060 1554 pri·
1115 1474 1213 1546 petuo
1238 1469 1392 1552 effingere
1417 1487 1531 1534 noram
1559 1473 1725 1553 potestatis
1753 1473 1907 1552 sormam,

266 1572 378 1636 mitira
428 1579 460 1637 et
503 1580 624 1636 naturae
666 1573 862 1639 conformior
893 1575 1060 1654 potestatis
1111 1584 1171 1630 nec
1207 1570 1371 1650 principes
1407 1570 1552 1651 legitime
1588 1572 1754 1636 institutos
1781 1582 1908 1638 mutare

267 1674 487 1754 gubernatirac
511 1674 612 1738 lerina
637 1673 701 1738 fuit
732 1675 971 1756 patrisfamilias
1000 1695 1059 1740 au·
1111 1677 1142 1731 el
1188 1671 1362 1751 deponere.
1407 1675 1475 1736 Hoc
1525 1680 1768 1753 portenlosums
1817 1679 1906 1758 quod

266 1773 454 1838 ctoritas.ln
468 1774 528 1838 buc
542 1791 650 1837 rerum
666 1774 842 1856 originario
857 1785 952 1850 statu,
971 1775 1059 1841 lilius
1110 1775 1156 1831 ¹01
1189 1769 1337 1834 homines
1364 1771 1397 1835 in
1422 1771 1598 1836 doctrinam
1638 1781 1669 1836 et
1713 1774 1906 1839 societatum

266 1873 517 1955 primogenitus,
540 1875 588 1940 rel
615 1875 702 1940 itlius
733 1877 784 1941 cui
807 1884 895 1958 pater
923 1877 1058 1942 benedi·
1114 1868 1531 1953 legemetiutrssnifflsslui,
1554 1879 1601 1936 ⁰⁸¹
1629 1889 1669 1937 0¹
1697 1874 1788 1938 Omni
1816 1887 1907 1954 little

264 1975 404 2040 ctionem
419 1975 563 2042 divinam
582 1977 774 2054 transmisit,
801 1985 965 2058 paternam
996 1994 1057 2042 au·
1111 1971 1294 2050 oppositum
1312 1969 1562 2053 perlectibilium
1574 1974 1778 2051 soeieltltfflb
1793 1983 1826 2039 tl
1843 1975 1906 2039 hu·

264 2076 683 2157 ctoritatemsuperiratres
706 2087 739 2142 et
773 2095 886 2143 eurum
914 2079 1054 2143 familias
1108 2086 1275 2134 [nentrum
1301 2074 1565 2152 personalitatum
1580 2083 1704 2140 naturas
1742 2077 1829 2140 sicut
1871 2086 1905 2140 et

263 2185 402 2241 exercet.
426 2176 501 2240 Suis
517 2176 836 2260 iratribnsaequnlis,
869 2177 952 2260 ipsis
988 2183 1057 2240 tan·
1104 2169 1240 2250 justitiae
1255 2171 1318 2254 legi
1346 2176 1575 2257 quaquaelibet
1593 2177 1733 2243 bumana
1761 2194 1906 2244 cenaen-

263 2285 332 2341 tum
357 2279 508 2360 superior
535 2286 643 2342 estex
667 2277 821 2342 missione
847 2294 944 2360 quam
968 2293 1057 2342 acce·
1108 2271 1154 2335 tio
1173 2273 1305 2355 regitur.

264 2378 344 2458 pita
374 2387 488 2459 patre;
512 2379 547 2442 in
573 2379 646 2460 ipso
662 2381 762 2461 patris
790 2379 977 2462 memoriam
1025 2385 1056 2442 et
1146 2375 1174 2436 l.
1211 2374 1394 2456 Opponitur
1419 2379 1610 2443 societatum
1642 2377 1899 2458 perlectibilium

263 2478 463 2542 voluntatem
481 2484 676 2542 venerantur
691 2478 819 2542 iratres.
837 2478 878 2540 lli
903 2494 977 2541 vero
993 2477 1055 2540 atsi
1106 2481 1239 2539 naturus.
1258 2477 1385 2541 Etenim
1415 2485 1486 2543 esto
1514 2479 1602 2560 quod
1627 2479 1686 2542 lilii
1711 2479 1777 2544 sibi
1804 2479 1904 2544 aliam

262 2579 400 2660 saerecti
419 2579 452 2642 in
468 2579 615 2643 conciliis
631 2589 661 2644 et
678 2578 971 2645 deliberationibus
986 2595 1055 2642 om·
1105 2593 1200 2656 quam
1215 2593 1232 2640 a
1247 2578 1318 2641 suis
1330 2579 1473 2657 patribus
1495 2581 1662 2661 potestatis
1676 2580 1811 2646 iormam
1827 2599 1906 2646 con-

261 2681 355 2745 nium
369 2680 589 2744 eommunium
613 2681 668 2762 jus
694 2679 824 2755 habeut,
842 2679 1055 2761 quremadmo·
1105 2679 1247 2740 stitutum
1265 2679 1430 2761 elbngant,
1445 2698 1509 2745 non
1521 2681 1754 2762 ideoparentes
1766 2682 1903 2746 abobli·

259 2785 338 2850 dum
352 2783 385 2847 in
401 2781 524 2847 familia
551 2791 641 2863 peter
662 2783 701 2846 ad
734 2781 981 2847 deliberandum
1013 2781 1053 2844 de
1104 2780 1232 2860 gatione
1263 2800 1337 2863 erga
1368 2782 1532 2864 principes
1560 2783 1600 2847 ab
1626 2783 1707 2864 ipsis
1734 2783 1904 2847 institutos

261 2901 374 2949 eorum
412 2884 589 2966 commodis
610 2885 749 2966 majores
791 2881 910 2946 liberos
949 2887 1052 2944 rocat.
1104 2879 1241 2945 solvent.
1270 2883 1382 2962 ltaque
1404 2900 1478 2948 sese
1500 2882 1676 2963 obligando
1699 2898 1774 2964 erga
1799 2899 1904 2948 noros

263 2983 335 3047 lloe
361 2993 411 3048 est
435 2984 630 3065 gubernium
668 2983 768 3063 magis
802 2977 947 3044 naturale
976 2979 1054 3041 sim·
1104 2980 1279 3060 principes,
1303 2981 1904 3063 necessariamseparationemaddu-

262 3083 336 3163 plex
353 3092 384 3148 ct
399 3085 548 3166 justum;
573 3083 682 3148 omnia
694 3084 768 3165 jure
787 3090 818 3146 et
835 3089 920 3145 recte
938 3096 1054 3161 prose·
1102 3087 1179 3145 cunt
1196 3079 1265 3156 filii,
1283 3090 1337 3145 aut
1358 3089 1464 3162 patres
1478 3099 1557 3146 suos
1583 3099 1656 3146 cum
1680 3098 1794 3147 eorum
1811 3085 1903 3164 priu-

260 3193 431 3268 qauntur3
448 3185 621 3249 auctoritas
645 3183 767 3248 scilicet
783 3191 815 3246 et
842 3196 1052 3262 personarum
1101 3181 1229 3262 cipibus
1241 3181 1420 3262 expellunt,
1442 3190 1497 3248 aut
1509 3181 1855 3266 principesdeponunt
1871 3191 1901 3248 et

273 931 288 1006 fl
310 931 343 989 v.
363 961 400 974 -
416 932 455 990 Dc
470 932 612 1004 potestatis
634 931 723 989 civilis
743 932 830 990 lerina
853 943 881 990 ct

262 3287 394 3353 libertas
417 3288 503 3351 sicut
524 3295 555 3348 et
580 3284 774 3349 familiarum
795 3283 946 3364 dignitas,
979 3297 1053 3361 quae
1101 3282 1136 3344 in
1147 3285 1414 3348 seruitutemsuae
1424 3284 1599 3348 voluntatis
1610 3290 1715 3365 patres
1725 3283 1902 3348 suesredi·
2010 3279 2011 3286 ’

210 3385 212 3388 ’
260 3405 358 3452 unam
375 3392 450 3451 iere
465 3393 588 3449 tantum
602 3385 783 3448 ellormant.
889 3415 891 3422 ·
1102 3383 1900 3462 gunt,duoportcntosaabomnidiriuaethumana

299 3487 357 3551 lll.
389 3487 510 3549 Ferme
546 3482 983 3548 actionales-crescendo
1019 3490 1051 3544 et
1102 3482 1172 3564 lege
1188 3485 1221 3548 in
1242 3493 1399 3548 aeternum
1417 3486 1598 3567 reprobata.
1615 3483 1676 3548 Vel
1694 3490 1823 3550 tandem
1839 3486 1899 3550 filii
2008 3489 2009 3492 ’

260 3589 504 3671 multiplicando
534 3588 601 3653 haec
624 3606 738 3670 magna
761 3588 884 3653 familia
922 3600 1052 3658 vocatur
1101 3602 1174 3648 sese
1197 3585 1377 3666 expatriant
1396 3603 1471 3649 cum
1497 3587 1591 3650 novis
1614 3586 1833 3670 principibus,
1858 3604 1899 3651 ex

259 3693 361 3766 notio,
381 3705 500 3753 nomen
520 3691 727 3769 aptissimum
748 3707 821 3754 cum
843 3691 883 3754 ab
911 3691 1051 3757 invicem
1102 3695 1244 3769 tuncque
1269 3685 1390 3750 familia
1413 3686 1663 3766 interrumpitur
1681 3693 1713 3749 et
1736 3703 1821 3751 nora
1847 3703 1899 3751 so-

257 3802 405 3853 actarum
417 3797 449 3854 et
466 3807 506 3853 ex
522 3791 633 3853 eadem
657 3789 769 3871 stipite
798 3791 982 3873 genitarum
1001 3793 1050 3858 la·
1101 3789 1201 3852 eletas
1220 3787 1398 3870 aquatibet
1410 3789 1618 3866 generatione
1633 3789 1821 3869 incipienda
1836 3799 1897 3862 est,

260 3892 421 3954 miliarum
443 3889 713 3953 coadunationem
736 3889 1050 3970 significet,llationi
1102 3891 1187 3954 sieut
1226 3889 1375 3954 absolute
1409 3890 1522 3970 apium
1554 3889 1703 3953 examina
1730 3891 1897 3953 annuatim

259 4005 337 4053 aero
360 3987 552 4069 regulariter
568 3987 707 4050 liberum
734 3995 782 4050 est
810 4004 882 4050 sese
899 3989 1051 4067 primario
1102 3996 1223 4054 exeunt
1238 4007 1278 4053 ex
1292 3991 1414 4070 apiaria
1426 3997 1536 4067 matre,
1553 3990 1592 4054 ad
1614 4007 1728 4054 noram
1745 4008 1895 4072 quaeren·

259 4090 471 4162 constituere,
498 4087 560 4150 sub
584 4085 686 4150 lorma
704 4087 919 4168 girbernatira
948 4090 1050 4170 magis
1102 4094 1173 4155 dam
1195 4091 1443 4166 habitationem
1463 4107 1537 4154 nam
1553 4091 1653 4154 unius
1677 4093 1896 4174 generationis

258 4192 325 4272 ipsi
340 4191 559 4256 conuenienti.
585 4191 742 4272 Legitima
763 4192 934 4272 potestatis
948 4195 1051 4275 igitur
1104 4195 1253 4255 hunuano
1267 4192 1321 4272 jus
1336 4193 1410 4267 erit,
1430 4192 1525 4254 etiam
1540 4192 1596 4273 jus
1617 4193 1766 4256 aliarum.
1782 4194 1896 4269 Quisa

263 4295 365 4357 lorma
412 4291 811 4380 primario'eonstituitur
846 4292 1049 4358 voluntatum
1102 4297 1156 4358 tali
1171 4295 1252 4357 laiso
1268 4294 1342 4375 jure
1358 4310 1422 4356 non
1438 4293 1524 4356 videt
1542 4311 1717 4375 exsurgere
1731 4294 1894 4358 obstacula

262 4411 476 4480 personarum
504 4393 679 4457 liberarum
707 4409 881 4471 consensu,
908 4394 1050 4475 ideoque
1102 4395 1250 4457 humanm
1266 4391 1514 4471 perlectibilitati
1533 4392 1749 4456 invincibilia.
1767 4395 1845 4456 Nam
1863 4393 1894 4456 in

260 4505 384 4560 natura·
413 4481 476 4574 legi
495 4491 690 4571 subjicitur;
718 4499 847 4554 extunc
876 4491 975 4564 enim,
995 4509 1050 4553 re·
1102 4493 1253 4556 omuibus
1274 4491 1472 4554 enumeratis
1489 4491 1629 4567 casibus,
1648 4493 1818 4572 spernitur
1831 4512 1891 4557 au-

260 4599 321 4662 lint
349 4593 465 4668 nolint,
484 4591 659 4654 intervenit
685 4596 868 4654 contractus
897 4589 967 4654 siae
989 4609 1050 4654 ex·
1103 4594 1244 4669 ctoritas,
1265 4593 1416 4657 omnibus
1431 4593 1689 4658 revolutionibus
1710 4603 1742 4658 et
1765 4597 1891 4659 destru-

261 4713 392 4774 pressns
408 4694 477 4756 sive
503 4691 631 4766 tacitus,
655 4689 833 4754 bilateralis
871 4691 956 4755 inter
971 4711 1049 4757 con·
1102 4695 1264 4757 ctionibus
1279 4694 1423 4774 aperitur
1438 4696 1499 4771 ria,
1516 4702 1551 4759 ut
1566 4713 1685 4761 norum
1697 4697 1889 4762 indesinen-

258 4797 404 4861 stitutam
421 4801 610 4875 potestatem
626 4800 656 4854 et
670 4793 832 4854 nationem
863 4791 1047 4873 eligentem.
1103 4803 1150 4859 ter
1174 4794 1347 4872 incipiatur
1363 4795 1533 4858 edificium
1560 4797 1689 4871 sociale,
1714 4800 1805 4878 quod
1824 4816 1890 4862 cras

263 4897 301 4964 Vi
330 4903 438 4960 autem
470 4892 568 4976 hujus
600 4892 735 4973 dejure
770 4900 896 4956 naturae
928 4901 1051 4957 contra·
1102 4899 1307 4972 destructum
1339 4897 1451 4974 sicone
1479 4897 1719 4960 exhauriuntur
1745 4899 1832 4961 vires
1862 4906 1891 4962 et

258 5009 329 5063 etus
351 4993 515 5074 subjectis
535 5007 598 5055 non
618 4997 666 5053 est
682 4990 821 5054 liberum
858 4993 1048 5058 missionem
1103 4999 1258 5080 acquisita
1272 4997 1422 5074 nationis,
1438 5015 1511 5078 qum
1528 5014 1605 5062 suos
1617 5015 1723 5061 mores
1738 5000 1772 5062 in
1788 5000 1889 5081 injus·

257 5114 355 5179 quam
387 5093 535 5176 potestati
576 5091 734 5154 dederunt
774 5109 936 5168 revocare,
972 5095 1049 5157 dum
1103 5099 1172 5163 titia
1189 5098 1364 5177 corrumpit
1382 5107 1412 5160 et
1431 5114 1522 5162 suam
1539 5097 1762 5160 exsistentiam
1778 5115 1889 5178 prara-

259 5203 400 5278 potestas
427 5193 509 5273 regit
553 5189 761 5254 conformiter
796 5191 852 5255 lini
886 5191 1049 5256 societatis
1104 5216 1175 5262 rum
1190 5197 1364 5261 libidinum
1382 5199 1543 5276 rapacitati
1558 5197 1666 5261 tradit.

237 5293 443 5378 {etnaturali
466 5294 545 5374 legi.
581 5293 738 5370 Quinimo
762 5293 790 5357 si
817 5293 927 5357 lortea
962 5303 1050 5358 recto
1143 5301 1265 5364 braic
1285 5308 1468 5380 portentum
1486 5299 1662 5379 opponitur
1683 5301 1892 5380 personalita-

236 5403 403 5467 :deviaret
447 5405 598 5480 potestas,
641 5397 768 5478 culpam
812 5405 919 5460 autem
956 5413 1049 5460 reeo-
1103 5399 1889 5484 tumhumanarumnaturae.Filiienim,patrum

260 5519 420 5582 gnoscens
437 5504 475 5568 ad
502 5509 623 5565 rectum
642 5499 775 5576 rediret,
815 5499 942 5582 injure
988 5515 1050 5563 suo
1103 5515 1238 5564 suorum
1268 5498 1532 5561 constitutionem
1556 5497 1748 5573 evertendo,
1779 5515 1887 5562 eorum

258 5614 425 5690 permanet
445 5625 454 5669 s
480 5621 554 5667 nam
579 5601 737 5665 naturalis
750 5609 931 5664 contractus
945 5603 1048 5666 viola·
1102 5616 1315 5684 personarum
1331 5596 1513 5661 libertatem
1533 5605 1642 5662 eontra
1657 5605 1784 5662 naturae
1802 5599 1887 5661 ordi·

259 5707 388 5771 tionum
418 5704 588 5786 reparatio,
637 5702 782 5782 ejusdem
834 5702 1048 5782 obligationes
1102 5719 1176 5765 nem
1192 5711 1223 5763 et
1239 5699 1514 5780 dogmadirinum
1529 5707 1769 5780 oppugnantur.
1787 5700 1819 5762 Si
1835 5716 1886 5760 aa·

259 5807 470 5888 redintegrat.
487 5803 612 5871 subditi
640 5820 657 5867 a
678 5809 835 5884 potestate
873 5801 1046 5866 constituta
1105 5810 1168 5868 tem
1188 5819 1203 5868 a
1220 5803 1364 5888 patribus
1383 5801 1423 5868 ad
1439 5799 1520 5868 tilios
1542 5801 1806 5865 transmittuntur
1828 5798 1884 5864 bu·
