4044 6458
139 321 197 385 793
356 321 453 386 PARS
473 323 506 384 V.
527 322 576 384 ut
597 317 775 384 tu'otctts.
790 343 826 356 -·
839 319 915 382 L'OE.
934 317 1023 380 xttt.
1048 318 1096 380 tut
1122 314 1316 382 RGGLES'lAE
1335 317 1566 383 Potnsrtmt
1714 319 1769 385 tiit

139 425 385 506 prorogatione,
412 425 462 489 rei
489 441 594 492 cause
623 425 845 501 connexione,
877 424 929 490 vei
982 423 1066 500 cti0;
1083 426 1139 490 sed
1154 425 1374 495 wneocaesariam
1393 435 1444 494 est
1460 428 1597 510 insuper
1611 429 1768 496 verificari

133 525 406 600 reconventione,
430 526 480 590 uei
508 525 746 604 compromisso
779 522 929 604 partium,
981 522 1061 590 elias
1089 528 1292 595 conditiones
1313 547 1358 594 ex
1384 536 1473 610 parte
1499 531 1772 616 circumscriptio·

136 624 191 688 vei
209 625 382 706 priviiegic
397 627 493 690 certis
509 625 653 705 personis
669 639 835 689 concesso.
856 622 929 686 'tot
983 626 1034 688 nis
1047 628 1249 696 territoriaiis
1265 632 1475 707 necessarias,
1490 633 1668 714 decumbus
1685 634 1766 698 inira

137 728 222 792 iitur
237 745 313 793 iero
332 729 381 791 rei
397 730 609 810 suspenditur
624 727 823 799 avocatione,
846 739 926 812 pre·
980 727 1279 806 egem11s‚¹agendo
1313 745 1432 806 nempe
1468 731 1508 794 de
1534 733 1765 811 jurisdictione

135 829 306 904 ventione,
322 826 550 906 appellatione.
564 825 731 899 relatione,
749 830 781 888 et
795 821 929 902 quibus·
979 823 1153 896 utilitatis.
1176 827 1209 890 Si
1234 846 1310 908 ergo
1329 829 1397 894 hec
1417 831 1525 895 omnia
1540 849 1762 910 superorum,

133 923 213 984 darn
235 923 310 988 aiiis
330 923 623 987 intervenientibus
640 920 926 987 circumstantiisa
979 925 1129 1002 personis
1168 932 1200 990 et
1236 928 1483 994 territoriaiibus
1518 932 1762 996 conditionibus

130 1019 212 1101 jure
235 1024 466 1088 determinatis.
500 1025 591 1088 Unde
610 1030 650 1090 nt
663 1024 869 1102 dignoscatur
884 1037 925 1084 an
980 1022 1183 1090 verificentur
1196 1043 1236 1092 er
1252 1031 1630 1110 mandatodeiegationis,
1642 1043 1762 1097 resistat

130 1123 507 1206 qnisexinrisdictione
522 1123 775 1186 extraordinaria
793 1137 923 1200 compe·
974 1120 1077 1200 iudici
1098 1123 1247 1204 delegato
1270 1127 1417 1192 eoiiatam
1439 1130 1760 1212 tuissejurisdictio·

128 1223 209 1282 tens
231 1220 332 1298 jadex
357 1221 413 1294 sit,
434 1219 672 1298 explorandum
705 1228 756 1284 cst
794 1236 833 1282 an
860 1218 923 1298 ipsi
974 1237 1063 1292 nem.
1089 1227 1185 1290 modo
1211 1234 1329 1304 tamen,
1361 1229 1447 1310 quod
1485 1247 1612 1310 semper
1637 1232 1759 1296 subau-

131 1326 296 1397 competat
317 1319 438 1400 aliquis
461 1321 618 1386 extitistis
636 1320 806 1400 praedictis,
824 1329 855 1382 et
873 1318 923 1382 in-
974 1321 1132 1386 diendum
1159 1331 1218 1398 est.
1250 1326 1356 1406 ipsius
1380 1328 1567 1409 jurisdictio
1601 1349 1760 1414 suspensa

131 1435 238 1497 super
256 1436 295 1482 an
319 1419 366 1484 sie
385 1421 542 1500 acquisita
562 1421 747 1502 jurisdictio
760 1435 921 1499 suspensa
974 1421 1025 1486 tei
1041 1422 1166 1486 sublata
1180 1439 1245 1488 non
1258 1423 1370 1490 inerit.

131 1533 238 1580 necne
254 1517 362 1593 inerit,
378 1529 433 1582 aut
449 1521 542 1588 etiam
558 1519 692 1584 subiate.
712 1543 726 1577 u
1014 1521 1055 1585 ii.
1076 1523 1121 1588 De
1127 1523 1356 1604 jurisdictione
1368 1544 1428 1608 per
1444 1532 1761 1610 praropnttcmmae·

173 1620 256 1684 Cum
265 1618 362 1686 muita
374 1619 854 1686 sintinmmuniaordinarieet
865 1635 921 1680 cx·
973 1619 1102 1698 quisito.
1117 1655 1156 1668 -
1174 1624 1205 1685 i.
1224 1622 1364 1699 Quiesce
1377 1629 1577 1708 prorogatio.
1593 1664 1632 1679 ·-
1647 1637 1662 1689 'e
1680 1635 1758 1696 tro-

74 1807 78 1813 ·
130 1718 920 1800 traordinariejurisdictioni,desinguiisextraor-
970 1734 1085 1798 rogare
1103 1720 1365 1800 iurisdictionem
1387 1727 1469 1790 nihii
1487 1729 1576 1794 atiud
1590 1736 1641 1794 est
1658 1750 1756 1813 quem

128 1815 816 1899 dinariamjurisdictioncruacquirendiuei
829 1817 919 1882 amit·
973 1817 1153 1902 rotuniarie
1173 1821 1273 1884 aiicui
1289 1821 1393 1902 judici
1408 1842 1444 1888 se
1466 1827 1684 1905 subjiciendo,
1702 1831 1755 1896 cui

128 1918 223 1984 tendi
250 1918 357 1981 modis
372 1917 426 1982 hic
446 1918 549 1998 primo
572 1918 726 1982 tradenda
746 1919 835 1982 notio
857 1925 916 1982 est.
971 1919 1046 1998 nnis
1064 1920 1196 1996 diesin
1220 1923 1278 1987 iiia
1298 1941 1393 1990 causa
1416 1928 1582 2008 euinctus
1605 1949 1671 1996 sion
1694 1944 1755 2009 est,

168 2017 196 2079 i.
215 2015 564 2097 Dtjnrisdt'etioecper
576 2014 797 2098 dctepattonen
811 2016 919 2094 acqui·
971 2017 1041 2098 ejus
1061 2020 1320 2101 jurisdictionem
1336 2043 1373 2089 ac
1396 2036 1585 2106 potestatem
1607 2049 1704 2113 supra
1720 2053 1756 2098 so

124 2115 207 2179 sita.
223 2149 262 2162 —
279 2115 406 2196 Duplici
433 2115 528 2180 niodo
549 2115 674 2197 acquiri
694 2122 798 2196 potest
812 2115 917 2194 juris·
970 2120 1157 2196 estendere,
1172 2129 1205 2185 et
1216 2124 1264 2187 sin
1275 2124 1418 2188 alienum
1433 2139 1465 2191 et
1482 2128 1754 2210 incompetentem

124 2216 247 2293 dictio;
266 2215 314 2279 rei
340 2217 464 2281 scilicet
486 2216 745 2297 independenter
766 2217 806 2278 ab
827 2217 916 2280 omni
965 2214 1292 2300 iudicem‚.spontein
1307 2241 1381 2287 eum
1396 2229 1641 2306 consentiendo,
1658 2248 1754 2296 suurn

124 2317 427 2397 circumscriptione
456 2315 655 2392 territoriaii‚
682 2316 734 2378 rel
762 2322 915 2396 potestate
967 2323 1001 2378 ut
1013 2327 1247 2398 competentem
1260 2322 1379 2386 iacere.
1398 2325 1589 2403 attrectas.
1603 2327 1637 2392 in
1654 2331 1700 2392 tit.
1718 2349 1753 2403 n,
1774 2340 1785 2352 ·

123 2423 283 2482 coarctata
300 2416 382 2478 intra
398 2415 477 2478 certi
493 2415 633 2495 aiicujus
653 2414 807 2478 territorii
823 2416 914 2478 dces.
969 2417 1025 2482 iiii.
1042 2438 1066 2481 n
1079 2422 1235 2486 nonen.
1254 2442 1288 2492 n,
1304 2427 1388 2507 182.)
1405 2429 1591 2508 nrorogstic
1602 2431 1755 2497 definitur

124 2515 232 2582 Priori
255 2515 627 2597 modojnrisdictionem
655 2514 833 2595 delegatam
860 2515 915 2578 ira·
967 2519 1052 2592 apud
1091 2522 1249 2586 adamum
1289 2525 1402 2602 iiuth,
1435 2527 1514 2591 idid.
1550 2540 1663 2608 quest.
1693 2534 1753 2607 tn,

124 2615 216 2690 beni,
243 2634 273 2678 v.
295 2633 343 2697 gr.
363 2615 490 2698 judices
510 2632 528 2678 a
553 2631 633 2695 papa
649 2615 787 2696 delegati
807 2617 912 2698 quoad
964 2635 1053 2698 resp.
1068 2620 1109 2681 ii:
1123 2621 1751 2709 Eutensiojnrt'edictioniaadpetentior,

123 2723 245 2784 eertum
260 2717 402 2796 utiquam
416 2732 555 2789 causam,
565 2716 617 2780 vel
630 2717 670 2780 ad
687 2725 789 2783 certas
804 2734 914 2782 causa·
965 2737 1104 2798 nnumin,
1127 2732 1261 2804 ternpus,
1275 2725 1325 2787 oei
1341 2725 1453 2802 iocum,
1476 2731 1511 2791 in
1528 2747 1615 2810 qnos,
1629 2732 1752 2812 qnando

122 2833 202 2880 rum
229 2815 373 2896 species,
399 2817 588 2897 ubicunque
614 2826 771 2884 teramum
797 2819 914 2898 degant
963 2830 998 2881 et
1014 2823 1071 2884 nti
1096 2823 1178 2886 atim
1202 2844 1267 2889 non
1289 2831 1447 2909 conpetit,
1478 2849 1631 2896 consensu
1654 2831 1752 2896 ittera

123 2933 277 2995 persone
292 2919 376 2982 inter
398 2933 482 2999 quas
504 2917 569 2981 iiia
592 2935 698 2982 cause
731 2924 911 2984 vertuntur.
966 2921 1143 2985 eurumdem
1161 2942 1372 3005 peremturum
1394 2931 1490 3010 seete.
1510 2931 1646 2994 Brerius
1671 2933 1751 2994 deti-

122 3017 307 3080 Posteriori
331 3019 425 3082 medo
446 3016 709 3097 jurisdictionem
735 3018 910 3099 delegatam
966 3018 1030 3084 ciri
1053 3029 1157 3098 potest
1187 3044 1196 3086 r
1221 3025 1342 3099 indict,
1367 3028 1510 3108 oiicqnin
1528 3029 1751 3111 incompetenti

121 3117 222 3182 habet
250 3117 416 3199 delegatus
435 3135 523 3198 pape
545 3121 653 3198 quoad
676 3126 777 3183 certas
796 3135 912 3182 accusas
962 3125 1752 3210 percensensnmpertinenadditasusficiensjnris·

119 3217 264 3300 aiicujus
290 3221 445 3284 duntaxat
470 3222 654 3300 prouincias.
685 3223 792 3285 Potest
815 3222 910 3285 etiam
965 3217 1075 3282 dictio.
1101 3221 1150 3302 (tt.
1176 3225 1290 3294 Bootis,
1308 3227 1351 3285 na
1366 3224 1511 3307 judiciis,
1535 3232 1557 3288 t.
1574 3230 1599 3298 i,
1621 3247 1651 3306 p.
1667 3227 1751 3308 diti.)

121 3320 315 3398 episcopus.
329 3319 533 3410 intratamen
550 3319 671 3384 ticinae
685 3321 912 3386 suedioecesis
1004 3321 1036 3382 2.
1060 3322 1245 3402 Quotnpiee
1258 3323 1476 3404 distinguetur
1487 3329 1692 3406 prorogatio.
1713 3357 1757 3374 a·

121 3417 270 3498 aliquem
293 3419 441 3499 deiegare
460 3419 501 3482 ad
523 3427 626 3483 certas
646 3438 816 3488 cansarum
836 3439 913 3501 spe·
966 3442 981 3477 e
1003 3422 1173 3486 Fitautem
1192 3423 1605 3505 hacprorogatioqnatuor
1621 3429 1751 3505 potissi·

119 3517 191 3582 cies
217 3519 250 3583 in
277 3529 341 3584 tota
365 3521 510 3596 diecesi,
536 3521 585 3585 vei
612 3513 651 3586 a'd
672 3531 773 3586 certas
798 3539 911 3586 causas
966 3537 1053 3583 suum
1070 3521 1175 3586 modis
1192 3521 1365 3585 videlicet:
1383 3526 1412 3584 1ο
1425 3523 1469 3583 lte
1484 3541 1548 3584 nne
1558 3541 1697 3604 persone
1710 3527 1751 3588 cd

120 3620 267 3698 aiicujus
286 3621 441 3684 duntaxat
455 3622 555 3702 partis
570 3623 715 3702 ejusdem
732 3623 892 3688 diaecesis.
964 3619 1059 3685 ctiam
1071 3641 1248 3704 personum,
1266 3641 1317 3687 ex.
1337 3640 1385 3704 gr.
1401 3625 1532 3703 quando
1556 3626 1681 3690 sciticet
1692 3629 1749 3709 ju·

162 3722 459 3803 Unde1·,quando
479 3722 663 3803 jurisdictio
682 3721 826 3803 delegata
845 3739 909 3785 non
965 3721 1041 3798 dici,
1059 3721 1115 3802 qui
1131 3721 1299 3786 limitatam
1311 3721 1574 3802 jurisdictionem
1599 3725 1694 3789 habet
1714 3727 1748 3789 in

118 3822 276 3900 adigatur
289 3823 387 3886 aiicui
402 3822 579 3898 territorie;
597 3822 818 3886 siseriiicetur
836 3839 912 3886 cau·
962 3839 1030 3885 una
1065 3823 1195 3886 civitate
1213 3822 1275 3896 iret
1298 3823 1470 3900 territorio,
1498 3824 1621 3889 subditi
1651 3826 1750 3890 atiani

118 3939 156 3985 sa
181 3923 222 3986 de
247 3939 310 4002 qua
335 3924 452 4004 egitur,
471 3931 512 3986 -et
545 3939 699 4002 personas
724 3924 807 3987 inter
830 3941 910 4002 quas
966 3929 1078 3984 mutuo
1093 3937 1256 3986 consensu
1273 3939 1310 3984 se
1325 3921 1515 4000 subjiciunt,
1533 3928 1568 3984 nt
1582 3940 1677 3986 causa
1695 3941 1750 3986 eo-

119 4025 272 4097 vertitur,
297 4040 370 4087 esse
394 4025 434 4087 de
456 4041 571 4087 aarum
597 4040 745 4099 numero,
769 4023 804 4087 in
828 4039 909 4104 quas
964 4029 1265 4099 rumcogncscatnr
1280 4037 1336 4098 per
1352 4019 1457 4095 ilium,
1473 4020 1524 4082 cui
1539 4021 1618 4084 aiias
1636 4031 1746 4101 quoad

118 4139 307 4186 concessam
324 4121 586 4203 iurisdictionem
603 4123 742 4187 mandati
762 4130 908 4196 testatur,
963 4135 1039 4184 suas
1053 4135 1211 4200 personas
1225 4127 1376 4183 consent
1388 4120 1538 4202 subiecti.
1555 4123 1637 4186 -20
1658 4123 1750 4184 ltere

119 4223 383 4291 concludendum
418 4223 479 4286 erit
508 4221 595 4286 hunc
624 4222 768 4302 judicem
801 4223 906 4302 quoad
962 4223 1080 4284 adrem
1094 4221 1164 4296 (seu
1177 4221 1217 4285 de
1232 4238 1296 4284 una
1312 4237 1407 4284 cansa
1425 4221 1464 4284 ad
1486 4221 1582 4286 eiiam
1595 4222 1750 4303 eausam),

118 4324 211 4387 iiiam
226 4330 459 4403 competentem
475 4337 565 4394 esse;
587 4319 910 4399 modotamenjuris·
964 4339 1022 4385 ex.
1042 4339 1090 4402 gr.
1112 4323 1236 4385 scilieet
1253 4323 1280 4385 si
1301 4321 1404 4402 judici
1430 4321 1560 4384 habenti
1582 4322 1749 4388 limitatam

119 4425 221 4488 dictio
245 4423 299 4485 iiia
319 4439 473 4500 suspensa
494 4428 548 4483 aut
567 4420 690 4482 subiate
712 4435 777 4482 non
807 4418 909 4482 inerit
958 4421 1237 4504 iurisdictionem,
1267 4429 1303 4486 ut
1331 4437 1395 4484 non
1419 4421 1527 4501 possit
1553 4433 1748 4502 cogitoscrre

117 4527 233 4607 atique
245 4543 286 4588 ex
302 4523 405 4588 modis
421 4521 502 4585 inira
517 4521 760 4585 enumerandis.
776 4520 838 4584 Sed
853 4519 906 4584 hio
960 4525 1001 4586 de
1017 4537 1138 4585 summa
1153 4521 1329 4584 excedente
1344 4527 1475 4583 centum
1490 4537 1619 4594 aureos,
1642 4529 1749 4601 partes

117 4629 246 4708 primns
272 4643 364 4688 casus
384 4625 490 4686 iocum
515 4622 632 4686 habere
651 4628 756 4702 potest
781 4620 906 4684 solum·-
962 4622 1124 4701 litigantes
1139 4637 1239 4700 super
1256 4621 1375 4700 majore
1391 4635 1517 4684 summa
1530 4637 1566 4684 se
1582 4621 1613 4684 ei
1630 4629 1744 4685 mutuo

116 4730 217 4793 modo
236 4729 267 4790 in
293 4727 449 4805 detegatis
465 4741 566 4805 pape,
585 4724 636 4787 cui
653 4729 743 4787 totus
762 4723 905 4788 mundus
960 4740 1123 4788 consensu
1154 4722 1343 4803 *subjiciunt
1368 4728 1405 4785 ut
1429 4721 1525 4784 etiam
1553 4737 1748 4802 cognoscere

116 4829 316 4898 territorium
330 4835 391 4890 est.
960 4827 1002 4890 de
1019 4826 1136 4907 majore
1154 4823 1208 4888 iiia
1222 4840 1361 4889 summa.
1387 4857 1427 4870 -
1446 4825 1477 4885 3·
1493 4825 1536 4885 ne
1552 4833 1691 4904 tempore
1706 4823 1748 4886 ed

155 4931 189 4990 2·
208 4930 343 5004 Quando
356 4924 541 5007 jurisdictio
554 4923 700 5004 delegata
717 4923 814 4986 alicui
826 4939 904 5004 par·
960 4940 1094 5008 tempus,
1114 4927 1245 5006 quando
1262 4941 1358 4988 causa
1378 4925 1463 4988 intra
1479 4935 1602 4986 certum
1619 4932 1747 5003 tempus

115 5029 244 5093 ticuiari
257 5030 418 5092 territorio
432 5025 583 5106 affigitur,
607 5025 695 5108 quod
712 5042 839 5105 semper
850 5043 904 5088 no·
959 5029 1174 5101 terminanda,
1188 5043 1261 5089 cum
1276 5041 1437 5088 consensu
1458 5025 1596 5104 partium
1614 5031 1645 5087 ct
1655 5023 1748 5103 judi-

116 5129 197 5194 cidit
210 5130 244 5193 in
260 5129 444 5208 detegatisa
458 5141 654 5207 quocunque
674 5123 803 5205 pretato
816 5141 905 5204 pape
959 5129 1006 5192 cis
1019 5133 1219 5208 prorogatur,
1239 5132 1273 5186 ut
1298 5123 1392 5187 etiam
1409 5130 1481 5201 post
1496 5120 1577 5182 ittud
1599 5120 1747 5198 cognosci

115 5231 267 5296 inferiori
299 5239 331 5292 et
359 5229 454 5292 etiam
485 5229 519 5290 in
546 5225 699 5306 delegatis
724 5241 813 5306 pape
847 5243 903 5305 pro
958 5221 1263 5304 etdeiiniripossit.
1285 5221 1544 5302 -uoeniqpe
1562 5217 1687 5280 deloco
1710 5217 1751 5282 nt

114 5333 224 5412 aiiqin
247 5330 429 5413 provincia3
456 5337 532 5393 tunc
550 5329 589 5392 ad
611 5326 826 5391 affirmandam
849 5328 904 5409 ju·
959 5328 1076 5402 iocum,
1101 5325 1230 5404 quando
1262 5321 1302 5384 de
1330 5335 1397 5383 uno
1420 5317 1490 5382 ioco
1520 5317 1677 5384 territorii
1708 5318 1747 5380 ad

115 5435 201 5498 dicis
230 5431 365 5513 delegati
404 5429 649 5512 competentiam
683 5427 903 5492 nonsufficit
958 5427 1059 5492 atium
1090 5416 1551 5504 ejusdem·territorii,·cum
1584 5431 1748 5478 coiisensu

114 5551 244 5598 causam
275 5535 315 5596 de
345 5548 409 5613 qua
434 5532 551 5610 agitur,
576 5536 607 5594 et
636 5543 790 5610 personas
817 5531 901 5594 inter
958 5527 1097 5608 partium
1130 5518 1322 5584 transfertur
1351 5516 1457 5581 iorum
1483 5533 1543 5578 sen
1571 5514 1747 5594 judicium.

115 5635 353 5716 quaereretur,
366 5649 436 5696 esse
449 5633 488 5696 de
500 5646 636 5696 arimero
648 5648 760 5694 earum
777 5631 899 5714 inques
954 5627 1095 5708 Quodsi
1115 5632 1220 5706 partes
1236 5635 1409 5703 morngare
1427 5617 1530 5681 veiint
1541 5615 1747 5698 jurisdictio·

116 5753 174 5815 per
190 5733 334 5815 diploma
356 5731 566 5814 delegationis
587 5731 749 5799 cortiertur
766 5732 897 5814 jurisdi·
955 5751 1028 5800 aem
1042 5732 1083 5796 ab
1098 5743 1164 5790 sinu
1184 5726 1254 5789 iocc
1279 5723 1317 5785 ad
1332 5721 1433 5784 atium
1454 5713 1742 5798 alterinsiurisdi·
