4046 6460
118 395 168 464 201
330 393 426 454 Plus
445 392 504 454 ttt.
524 394 573 456 DE
589 392 782 456 PERSONIS.
800 417 834 432 ·⁴
852 395 928 459 Lttt.
947 397 1029 460 vltt.
1052 399 1100 460 DE
1120 398 1406 474 REGULARIBUS,
1424 403 1505 464 ETC.
1681 408 1735 474 tot

118 523 202 580 uem,
240 501 411 577 licentiato,
433 503 728 580 contradictionem,
747 521 893 580 eumen,
947 510 1035 572 dere.
1054 509 1126 574 Nou
1152 527 1245 589 posse
1271 518 1371 573 tomen
1400 513 1733 594 spiscopum'pensro·

118 616 147 670 et
177 603 440 684 approbationem
471 606 632 686 ejusmodi
672 607 704 668 iu
726 606 894 688 aliquibus
947 610 1003 670 tim
1023 609 1189 688 probibere
1215 609 1416 690 nequioribus
1446 614 1567 692 quinio
1594 617 1733 682 ecclesiia

116 703 307 768 dioeoesibus
329 703 479 766 excitatas
500 703 666 780 laissa,ex
683 705 804 784 quibus
819 721 895 768 cen·
947 727 1077 770 suorum
1089 712 1236 772 ordinum
1250 712 1444 790 prodisset„

117 803 279 866 trorersiae
296 803 558 866 etdisseusicnes
575 803 748 882 promultee
763 803 890 866 iudiem
987 808 1016 870 t.
1040 810 1114 885 «juta
1131 809 1196 874 baec
1208 812 1379 891 religiosos
1388 812 1587 893 abepiscopo
1600 818 1639 880 ad
1655 833 1733 880 oon-

116 901 269 982 sobsequi
296 909 427 982 possent
451 903 618 966 occasione
639 902 897 982 privilegiorum,
947 905 1364 974 fossionessaeculariomin
1380 930 1438 975 sua
1453 913 1730 979 diocesiaudien·

117 1017 187 1082 qum
216 1017 271 1078 par
305 998 414 1060 sedern
440 1000 645 1076 apostolicam
661 999 822 1079 religiosis
844 1016 897 1063 or·
949 1007 1005 1068 das
1024 1010 1215 1086 approbatos
1244 1027 1417 1088 ncuposse
1446 1013 1480 1076 iu
1510 1013 1572 1078 alia
1600 1015 1732 1080 diocesi

117 1099 247 1164 dinibus
265 1113 415 1160 concessa
430 1098 574 1160 inerant.
947 1125 1002 1170 eas
1020 1108 1141 1188 absque
1155 1109 1299 1190 episcopi
1314 1111 1485 1176 dioecesaui
1501 1115 1731 1192 approbatione

154 1200 184 1260 2.
210 1201 297 1260 «Nus
318 1201 535 1274 attendentes,
554 1199 640 1278 qood
659 1197 739 1262 alias
761 1197 898 1262 diversis
949 1208 1075 1282 audire,
1102 1209 1249 1288 quamvis
1281 1210 1471 1288 prenitentes
1508 1213 1630 1276 subditi
1664 1215 1731 1278 sint

118 1297 315 1374 temporibus
344 1297 502 1374 predicte
528 1299 746 1362 dubitationes
775 1307 805 1362 et
820 1315 897 1362 aon·
954 1306 1024 1384 rjus
1043 1308 1199 1386 episcopi,
1216 1325 1231 1370 e
1256 1325 1321 1388 quo
1337 1310 1401 1388 ipsi
1415 1295 1561 1390 ¹religiosi
1576 1314 1641 1392 jem
1656 1313 1728 1378 luc·

119 1397 280 1458 troversia
295 1397 461 1458 nonnuliis
480 1399 747 1476 praedecessorum
773 1408 900 1461 nostro·
950 1413 1019 1468 rant
1035 1407 1212 1484 approbati.
1230 1410 1266 1472 Et
1282 1409 1474 1486 generaliter
1485 1412 1675 1488 approbatos
1691 1412 1731 1478 ab

119 1514 186 1558 rum
218 1498 272 1558 SS.
299 1497 357 1558 PP.
387 1497 683 1570 constitutionibus,
722 1515 899 1578 eorumque
951 1503 1103 1582 episcopo
1135 1505 1174 1566 ad
1203 1521 1413 1584 personarum
1429 1507 1631 1570 secularium
1655 1526 1731 1570 con·

120 1593 386 1658 declarationibus
412 1595 551 1659 delinito
578 1595 712 1673 fuerint,
739 1597 900 1678 ejusmodi
951 1597 1113 1660 sessiones
1151 1600 1343 1677 audiendas,
1377 1619 1581 1682 nequaquam
1606 1605 1731 1668 censeri

119 1694 321 1758 definitiones
355 1695 388 1758 in
427 1713 524 1758 uuam
551 1695 710 1771 collectas,
715 1743 777 1760 .....
806 1699 900 1762 noris
950 1697 1141 1774 arrprcbatos
1167 1699 1732 1766 ndaudieudeseoulessiouesmo·

119 1794 302 1874 apostolicis
325 1794 441 1858 litteris
471 1797 663 1860 muniendus
685 1799 849 1872 duximus,
869 1805 900 1861 at
952 1796 1087 1860 uiuiium
1102 1799 1164 1859 sibi
1180 1799 1415 1878 subjectarum
1433 1803 1488 1864 sed
1516 1819 1610 1882 egere
1625 1805 1731 1883 qaoed

119 1893 322 1956 roborandas.
337 1896 448 1976 itaqua
465 1913 503 1957 ue
516 1895 653 1958 concilio
668 1899 900 1961 nonnullorum
950 1891 1009 1956 hoc
1030 1895 1160 1971 speciali
1180 1898 1326 1976 episcopi
1356 1901 1606 1977 approbationes
1635 1910 1731 1984 tique

123 1993 187 2053 iiii.
209 1990 273 2053 FF.
293 1995 357 2055 NN.
389 1995 421 2054 S.
450 1994 487 2054 tt.
517 1995 552 2056 E.
570 1995 784 2057 Cardinalium
790 2041 850 2058 .....
870 2003 901 2058 et
950 1995 1140 2070 approbatos
1175 2012 1231 2072 pre
1268 1997 1440 2058 audiendis
1473 1997 1732 2064 confessionibus

120 2100 236 2154 matura
252 2092 484 2156 deliberatione
504 2103 622 2168 nostra,
638 2103 733 2174 atque
753 2114 789 2158 et
814 2104 900 2159 certa
951 2093 1141 2155 monialium
1157 2094 1253 2156 auios
1270 2095 1467 2170 monasterii,
1489 2096 1620 2158 minime
1637 2114 1732 2175 posse

120 2190 262 2268 scientia,
281 2191 338 2254 bac
357 2191 510 2271 generali,
539 2201 569 2254 et
594 2202 748 2278 perpetuo
764 2193 900 2256 valitura
950 2192 1063 2254 audire
1079 2191 1301 2254 contesstoues
1318 2193 1649 2257 monialiumalterius
1666 2211 1733 2260 mo·

120 2291 345 2354 constitutione
362 2293 564 2354 decernimus
579 2293 829 2356 etdecleramus.
951 2293 1096 2354 nestorii.
1129 2291 1313 2370 itidemque
1332 2293 1534 2356 confessores
1556 2298 1733 2360 extraordi-

154 2391 183 2452 3.
203 2391 498 2472 «Regulares,qui
518 2391 715 2454 lueet-lesiis
749 2393 901 2454 suierdi-
950 2390 1057 2452 nerias
1087 2389 1187 2450 semel
1215 2389 1397 2466 deputatos,
1430 2391 1731 2470 atqueapprobates

119 2490 166 2554 nis
176 2491 351 2574 prodicere
367 2496 536 2568 coluerint,
549 2497 651 2558 teneri
677 2495 716 2558 ab
746 2497 898 2577 episcopo
949 2488 989 2550 ab
1008 2490 1159 2568 episcopo
1174 2487 1212 2548 nd
1229 2486 1418 2549 monialium
1444 2488 1660 2556 confessiones
1673 2510 1731 2572 pro

120 2594 297 2658 diocesano
314 2593 709 2672 benedictionempoere;
725 2596 898 2673 predicare
951 2586 1380 2660 utrovieeoudiessdflsshtud
1390 2587 1620 2668 POSSffltlleifl
1632 2591 1733 2670 deotl-

123 2702 221 2757 rumen
260 2712 356 2774 posse
385 2697 532 2776 quamvis
556 2695 645 2758 iilam
668 2698 900 2761 nonobrinue-
948 2688 1116 2751 tationeiu
1132 2686 1731 2768 rimapprobationishujusmodiilla-

121 2795 189 2856 rint.
218 2795 315 2870 Quod
355 2795 384 2856 si
423 2797 595 2875 episcopus
628 2795 899 2874 benedictionem,
946 2782 1389 2854 rumconlessionesaudire,
1408 2784 1465 2844 sed
1493 2787 1588 2846 toties
1604 2785 1644 2848 ab
1660 2786 1730 2866 epi-

121 2893 231 2954 uadum
259 2907 324 2955 non
349 2895 556 2968 concesserit,
574 2894 629 2956 sed
660 2893 755 2956 etiam
776 2901 899 2958 contra·
948 2883 1729 2967 50090θδδθᾶΡΡΓΟὓθῐῑόθὸνίίὓῡῑῑθὸθθδῦθᾰθβῦ·

121 2993 241 3067 dixerit,
269 2993 374 3056 necin
393 2993 552 3072 prodistis
584 2993 718 3072 quidem
751 2995 897 3057 ecclesiis
949 2983 1493 3064 tationiscontigeritcaetarumin
1512 2987 1727 3061 monasteriis,

122 3090 210 3153 lirare
254 3091 462 3171 regularibus
481 3091 665 3172 prodicere,
682 3109 803 3172 eosque
819 3109 898 3155 con·

123 3191 348 3267 trureaientes,
365 3191 476 3254 abillo
496 3198 647 3272 tauquam
662 3192 750 3254 sedis
766 3200 896 3269 aposte-

123 3291 184 3354 liore
198 3292 359 3371 delegato,
370 3292 517 3354 censuris
532 3291 670 3370 aliisque
681 3290 782 3370 posuis
797 3289 898 3354 eccle·

123 3389 254 3452 siasticis
271 3393 304 3454 iu
322 3392 385 3454 rim
411 3391 653 3454 constitutionis
669 3389 726 3456 iel.
740 3409 804 3454 rec.
823 3393 900 3454 Gre-

123 3489 198 3568 gcrii
216 3493 279 3553 XV
297 3493 542 3569 predecessoris
565 3493 666 3556 nostri
685 3492 896 3572 incipientis:

123 3591 324 3656 inscrutabiii
347 3592 407 3653 Dei
435 3591 652 3672 providentio,
682 3591 834 3666 coerceri,
866 3599 898 3654 et

124 3693 223 3772 puniri
239 3707 346 3772 posse.
361 3692 553 3772 Episcopum
565 3701 666 3752 tameo
680 3690 792 3770 ubsque
809 3693 899 3772 justo

122 3805 147 3856 et
160 3794 343 3858 rationabili
364 3811 457 3854 causo
473 3791 691 3854 contradicere
705 3789 896 3852 uondcbcre.

122 3895 155 3954 Et
176 3893 363 3974 hujusmodi
380 3890 640 3954 benedictionem
673 3889 776 3952 teucri
801 3889 896 3951 etiam

122 3993 278 4071 regulares
292 3999 411 4068 potere,
440 3991 520 4051 siin
548 3989 798 4070 quibuscunque
827 4006 898 4050 ora-

123 4091 204 4153 toriis
232 4090 285 4152 sni
318 4089 438 4151 ordinis
475 4105 656 4151 sermonem
695 4103 798 4150 coram
835 4103 894 4166 po·

122 4191 203 4269 pulo,
233 4190 284 4253 rel
314 4189 349 4252 iu
374 4187 532 4263 ecclesiis,
560 4197 615 4250 ant
643 4193 682 4250 ad
700 4186 807 4251 'crates
824 4204 895 4248 mo·

121 4289 328 4352 nasteriorum
360 4287 651 4350 sanctimonialium
677 4284 897 4366 eorumjuris-

120 4390 245 4453 dictiaui
277 4389 503 4468 subjectarum,
530 4387 606 4450 lieet
633 4388 751 4452 clausis
784 4388 894 4467 januis

121 4497 148 4551 et
161 4491 267 4552 nullos
282 4489 446 4552 secularis
463 4487 511 4551 ibi
540 4487 681 4562 intersit,
701 4487 816 4550 babere
836 4504 894 4550 vo-

122 4589 244 4650 luerint.
265 4591 361 4650 Posse
387 4593 495 4650 autem
514 4587 702 4665 episcopum
732 4585 893 4649 licentiam

121 4703 343 4750 concessurum
369 4685 572 4766 reguleribus
601 4685 805 4760 inecclesiis,
822 4703 895 4766 quas

121 4797 248 4843 sucrum
273 4781 422 4844 ordinum
452 4799 516 4844 non
535 4790 622 4855 suut,
640 4785 810 4858 predicare
839 4799 894 4844 uo·

76 4949 78 4954 Ι
121 4875 268 4952 lentibus,
299 4878 390 4954 illos,
412 4880 609 4959 quamvisab
629 4881 894 4943 universitatibus

119 4985 197 5040 aute
214 4980 447 5060 megislrailbus
459 4981 547 5045 laicis
560 4982 752 5056 nominatos,
767 4983 892 5045 etiamsi

120 5075 254 5156 episcopi
272 5085 490 5142 antecessores
516 5097 571 5158 per
588 5087 712 5159 tempus
725 5081 892 5145 immemo-

120 5173 212 5237 rabile
227 5175 307 5238 hanc
325 5177 487 5240 licentiam
505 5180 627 5259 absque
655 5181 804 5243 examine
816 5199 893 5244 con·

119 5271 226 5333 cedere
246 5277 486 5351 consueverint,
501 5279 605 5356 quoad
621 5279 797 5341 doctrinam
814 5297 891 5342 exa·

120 5370 247 5446 minare,
262 5373 288 5434 si
303 5373 347 5435 ita
362 5373 465 5453 ipsius
477 5377 620 5453 arbitrio,
633 5379 720 5458 qued
740 5379 890 5442 modera-

119 5472 182 5529 tum
202 5478 232 5531 et
249 5469 421 5534 discretum
442 5491 514 5538 assa
530 5477 637 5554 debet,
653 5477 758 5540 risum
773 5475 891 5554 fuerit,

947 3085 1091 3148 ucetiam
1115 3083 1273 3164 collegiis,
1303 3083 1358 3146 ubi
1378 3083 1469 3162 juxte
1485 3087 1642 3166 regularis
1671 3087 1725 3151 iu·

948 3186 1058 3248 stituta
1090 3183 1219 3258 vivitur,
1253 3200 1346 3262 posse
1370 3192 1433 3246 tam
1465 3188 1609 3264 prolatos
1637 3205 1729 3269 rega·

947 3285 1042 3358 lares,
1066 3302 1162 3365 quam
1175 3282 1376 3348 couiessoras
1389 3286 1585 3366 regularium
1601 3304 1728 3350 eornrn-

948 3388 1019 3448 dem
1052 3385 1331 3459 monasteriorum,
1355 3403 1413 3449 seu
1435 3387 1655 3466 collegiorum,
1671 3407 1729 3451 au-

947 3485 1017 3547 dire
1036 3483 1255 3548 consessiones
1279 3483 1409 3547 illorum
1423 3485 1638 3561 secularium,
1668 3489 1728 3568 qui

947 3585 1029 3647 inibi
1068 3589 1146 3648 sunt
1179 3600 1253 3645 rere
1285 3583 1324 3645 de
1356 3581 1490 3658 familia,
1520 3593 1551 3646 et
1580 3589 1727 3649 continui

947 3682 1190 3756 commensales,
1211 3699 1274 3744 uon
1292 3690 1397 3745 autem
1413 3684 1555 3756 illorum,
1570 3686 1626 3764 qui
1657 3693 1728 3749 tan-

948 3791 1015 3844 tum
1053 3782 1135 3860 ipsis
1166 3781 1367 3844 deserviunt.
1403 3781 1480 3844 illos
1515 3791 1620 3846 autem
1651 3785 1728 3848 reli-

947 3883 1070 3962 giosos,
1098 3881 1202 3962 quiad
1230 3879 1451 3944 confessiones
1467 3883 1644 3946 audiendas
1658 3886 1728 3948 ido·

947 3983 997 4045 nei
1012 3980 1204 4062 generaliter
1218 3982 1335 4061 reperti
1361 3981 1493 4055 inerint,
1511 3983 1550 4045 ab
1568 3984 1727 4065 episcopis

945 4082 1138 4162 generaliter
1159 4099 1302 4162 quoqne,
1326 4090 1356 4144 et
1382 4082 1571 4145 indistincte
1604 4085 1726 4166 absque

946 4183 1052 4261 aliqua
1083 4180 1275 4244 limitatione
1296 4180 1463 4259 temporis,
1500 4188 1726 4265 certorumque

945 4281 1102 4350 locorum,
1116 4286 1171 4341 eut
1194 4278 1321 4358 generis
1351 4296 1559 4354 personarum
1581 4283 1614 4344 iu
1648 4285 1727 4348 dim·

945 4377 1724 4460 cesiproprinadmittendos.Quoadccaterarero,

945 4477 1000 4556 qui
1019 4494 1081 4538 uon
1097 4477 1177 4537 adeo
1193 4475 1302 4536 idonei
1329 4478 1543 4554 reperiuntur,
1569 4481 1595 4540 si
1626 4484 1726 4558 petie·

946 4579 1010 4637 rint
1037 4593 1071 4636 se
1087 4575 1224 4650 admitti,
1252 4575 1386 4636 erbitrio
1412 4577 1647 4642 ordinariorum
1675 4599 1725 4644 re·

945 4675 1062 4753 linqui,
1087 4673 1177 4752 ipsos
1205 4692 1276 4735 cum
1303 4675 1436 4736 limitata
1451 4675 1610 4752 laenitate,
1631 4691 1724 4758 prout

943 4777 1067 4838 eisdem
1083 4773 1255 4836 ordinariis
1271 4775 1371 4854 magis
1387 4777 1540 4855 expedire
1561 4779 1724 4843 ridebitur

944 4877 1076 4955 probare
1092 4882 1122 4938 et
1139 4875 1318 4939 admittere.
1349 4877 1452 4939 Semel
1470 4887 1577 4942 autem
1593 4882 1723 4960 simpli·

942 4979 1021 5040 citer
1046 4977 1235 5056 approbatos
1247 4992 1342 5056 pesse
1373 4977 1405 5040 iu
1425 4979 1555 5043 dioecesi
1581 4981 1725 5062 episcopi

941 5077 1146 5156 approbantis
1163 5075 1279 5156 quovis
1297 5077 1375 5140 anui
1388 5086 1543 5158 tempore,
1564 5081 1659 5145 etiem
1671 5099 1725 5162 pa-

942 5176 1052 5248 schali,
1070 5185 1100 5236 et
1122 5193 1390 5256 quorumcunque
1413 5177 1508 5239 etiem
1525 5178 1724 5244 intirmorum

941 5275 1161 5338 consessiones
1189 5277 1299 5339 audire
1327 5275 1446 5356 absque
1477 5277 1542 5340 ulia
1567 5277 1723 5357 parocho-

944 5394 1014 5437 rum
1047 5375 1097 5437 vel
1123 5374 1229 5452 ipsius
1257 5375 1399 5454 episcopi
1429 5377 1574 5452 licentia;
1598 5381 1638 5440 de
1660 5398 1724 5459 qua

941 5485 1047 5537 temen
1077 5471 1280 5536 confessione
1295 5475 1397 5536 teneri
1423 5475 1527 5539 dictos
1551 5477 1723 5558 religiosos

119 5567 315 5635 etliceutiam
349 5573 545 5652 predicandi
567 5577 666 5641 semel
681 5579 798 5641 iisdem
819 5594 894 5642 con·
941 5575 1128 5638 eorumdem
1143 5573 1342 5639 intirmorum
1359 5576 1530 5655 parocbnm
1545 5575 1633 5641 illico
1651 5595 1724 5642 car·

119 5683 234 5733 cessam
250 5673 290 5735 eb
305 5673 514 5740 rationabiles
525 5677 723 5743 causasiicet
740 5679 890 5756 occultas,
940 5675 1056 5739 liorem
1087 5672 1202 5737 lacere.
1232 5675 1271 5737 Et
1299 5675 1359 5739 hoc
1388 5692 1482 5755 possa
1498 5675 1566 5739 iliis
1587 5677 1628 5742 ab
1649 5678 1700 5757 epi
1708 5709 1722 5724 ·

119 5768 367 5843 predicationem
381 5781 483 5838 tamen
512 5787 739 5844 concernentes
760 5797 893 5860 snspen-
942 5791 1040 5855 sropo
1058 5773 1118 5868 sub
1147 5790 1240 5854 prena
1270 5765 1498 5855 suspensionis
1527 5793 1544 5839 a
1575 5769 1723 5868 facultate

229 5871 283 5934 ius
300 5889 487 5940 mucurcuu.
505 5879 544 5942 il.
1549 5881 1569 5946 'l
