4044 6458
108 448 161 526 soe
321 448 421 510 rans
435 449 468 511 v.
487 449 537 510 nn
551 443 728 510 mmmm.
747 470 784 482 -
803 443 877 506 mn.
898 433 1063 508 sionna
1077 439 1270 507 nemnem
1286 442 1513 508 eoruscare.
1688 417 1746 511 see

147 557 181 622 8.
200 557 265 620 Par
281 567 465 636 argumento
483 555 895 636 innocentissimam·
949 550 1216 632 probationibus.)
1227 551 1439 632 Proceditque
1462 551 1524 617 hoc
1538 565 1605 618 non
1620 557 1747 619 tantum

110 657 253 722 cessario
279 654 473 719 concludant
494 671 554 717 ssu
581 653 719 717 inierant
733 653 779 727 id,
808 653 895 734 quod
949 653 1121 734 injudicio
1137 653 1359 732 plenario,eed
1373 652 1468 716 etiam
1484 654 1674 732 summario;
1689 673 1746 720 ne-

107 756 386 836 adprobationem
413 755 591 818 intenditur
606 774 616 829 ς
631 769 704 817 nam
720 753 793 817 bnis
820 769 895 833 prof
934 769 1019 832 ·que
1034 751 1131 816 rciert
1158 769 1198 816 an
1228 770 1323 816 causa
1346 752 1485 830 agitetur
1507 770 1614 817 coram
1628 754 1740 834 judice

106 853 251 920 bettonis
263 860 311 916 est
325 863 359 916 ut
369 851 471 932 judici
494 841 590 916 tidem
606 851 736 925 iaciant,
748 856 783 914 nt
799 851 829 913 ia
844 851 899 914 in·
954 853 1130 930 ordinario,
1145 869 1187 916 an
1204 869 1309 918 coram
1326 854 1472 934 delegato
1489 855 1578 918 :imo
1593 865 1625 918 et
1636 873 1744 936 quan-

105 952 252 1032 telligsro
293 954 394 1033 possit
425 952 554 1032 qualem
589 949 782 1016 sententiam
812 947 897 1014 iarre
950 955 993 1020 do
1020 956 1126 1034 agitur
1152 971 1258 1019 coram
1279 957 1408 1019 arbitris
1436 959 1742 1036 compromissertis,

104 1051 231 1116 debeat.

142 1175 174 1238 t.
201 1176 244 1237 lte
257 1193 291 1237 re
306 1183 361 1236 out
372 1177 457 1257 torto
472 1196 484 1246 ;
499 1191 572 1237 nam
584 1191 622 1238 ea
632 1179 790 1255 quaesunt
800 1171 896 1254 juris,

104 1275 259 1356 quiajam
278 1275 503 1338 antecedenter
514 1275 618 1356 judici
645 1282 822 1338 censentur
838 1289 899 1335 no·

106 1381 149 1447 ta,
175 1365 296 1436 idcir'co
312 1373 500 1452 probatione
522 1389 588 1436 non
618 1373 774 1452 indigent.
802 1369 898 1432 Exci·

106 1473 207 1551 pitur,
227 1473 290 1534 nisi
304 1473 368 1535 sint
381 1471 465 1552 juris
477 1468 630 1550 specialis
645 1479 700 1534 aut
714 1473 893 1532 consuetu·

106 1572 250 1648 tinari13
267 1573 334 1636 hoc
348 1571 450 1646 enim,
466 1571 545 1651 quia
562 1569 782 1651 peritissimos
797 1567 895 1642 intere

106 1678 255 1754 possunt,
272 1673 311 1735 ab
324 1671 481 1750 allegante
496 1669 657 1750 probanda
674 1673 762 1732 sont.

146 1797 179 1859 5.
201 1793 305 1857 Dubio
323 1798 350 1855 et
370 1799 601 1871 {contectam
626 1787 702 1871 qnia
728 1784 896 1850 manifeste

46 1903 48 1906 ’
105 1901 137 1962 et
150 1895 312 1957 evidentia
328 1894 516 1974 probatione
533 1909 597 1956 non
621 1891 782 1970 indigent.
801 1887 892 1982 (den.

105 1994 279 2076 Manifesta
294 1997 344 2070 tt,
360 2010 455 2058 causa
470 1995 502 2067 2,
518 1999 633 2073 quaest.
650 1993 664 2054 l
684 2010 694 2064 ;
713 1995 744 2053 et
758 2005 785 2052 o.
813 1987 893 2050 Eoi·

104 2094 214 2162 eiectio
239 2093 553 2171 noeaoeane.)
581 2091 701 2170 Excipe
715 2089 743 2154 si
772 2095 893 2152 tantum

104 2195 171 2260 sint
192 2195 360 2258 manifesta
379 2195 460 2273 parti
478 2211 513 2256 ee
543 2191 709 2272 alleganti,
725 2191 774 2252 rel
790 2187 893 2270 judici

104 2293 253 2372 privatim
269 2313 279 2368 ς
295 2293 371 2372 quia
399 2307 471 2355 cum
488 2292 589 2374 judex
612 2297 699 2368 gerat
726 2301 893 2367 personam

34 2403 36 2408 '
104 2393 278 2472 publicam,
307 2393 485 2456 secundnm
510 2391 677 2454 solentiam
712 2389 885 2469 publicam,

103 2516 179 2578 quse
195 2514 251 2576 per
266 2497 402 2575 allegata
416 2502 448 2560 et
464 2494 594 2575 probata
609 2494 783 2568 obtinetur,
801 2489 886 2556 terre

103 2597 204 2666 debet
219 2597 425 2662 sententiam.

143 2717 187 2782 11.
209 2717 289 2793 Qum
303 2717 344 2780 sit
359 2715 460 2780 torma
478 2716 700 2796 probationis?

142 2821 240 2901 ltesp.
269 2819 299 2881 1.
326 2817 428 2880 Debet
450 2834 523 2881 esse
540 2817 636 2892 clara,
667 2815 836 2896 perspicua
862 2818 893 2880 et

102 2926 201 2992 certe,
218 2916 442 2998 quujudioem
463 2915 820 2993 consensionemque
844 2914 895 2976 in·

102 3019 249 3082 tentione
277 3017 472 3097 litigantium
497 3017 592 3099 plene
622 3019 771 3080 instruat.
790 3015 836 3096 (G.
852 3013 892 3077 ia

96 3117 310 3198 prooemiali,
326 3116 374 3179 tit.
390 3135 460 3190 xix,
476 3117 521 3178 De
535 3113 806 3197 probationibus.)

140 3239 174 3300 ἓ.
197 3238 283 3301 Fieri
313 3237 408 3302 debet
422 3239 600 3302 secundum
614 3237 748 3302 formem
778 3235 892 3302 libelli.

135 3360 169 3422 e.
191 3359 263 3422 Non
286 3359 383 3438 debet
413 3359 480 3422 fleri
498 3360 532 3421 in
549 3367 748 3436 transcursu,
773 3359 830 3424 aed
845 3359 893 3423 ci·

100 3463 167 3521 tata
180 3457 221 3522 ad
238 3457 311 3537 ejus
327 3459 547 3536 receptionem
564 3461 697 3522 adversa
715 3464 816 3536 parte.

139 3572 173 3638 t.
194 3573 323 3638 Institui
344 3575 441 3639 debet
465 3581 537 3655 post
552 3575 639 3640 litem
658 3582 894 3651 contestatam

100 3673 168 3744 nisi
186 3674 349 3749 valetudo,
360 3676 502 3748 senium,
518 3683 573 3738 aut
589 3676 714 3740 instans
730 3676 824 3756 longa
835 3677 893 3740 ab·

103 3772 211 3836 sentia
232 3774 362 3836 testium
375 3774 509 3838 suadeat
526 3774 747 3854 depositiones
764 3777 895 3841 testium

102 3880 181 3938 ente
203 3872 291 3936 litem
310 3879 518 3951 contestatam
545 3874 657 3954 recipi,
673 3883 705 3938 et
735 3876 798 3940 nisi
823 3893 896 3958 pro·

101 3971 219 4036 banalas
230 3972 297 4035 sint
310 3973 520 4052 exceptiones
534 3971 692 4036 dilatoria

143 4073 176 4140 t.
198 4070 319 4136 «Fieri
337 4071 529 4136 debetintra
552 4072 759 4139 terminumn
783 4072 893 4152 tudine

101 4192 315 4274 assignatum.
332 4216 348 4253 a

141 4295 174 4356 e.
199 4315 215 4352 e
231 4295 306 4359 Post
318 4293 477 4373 publicata
503 4296 698 4372 testimonia,
714 4296 895 4362 etccnclu·

950 1057 1222 1122 constitutiones
1239 1055 1345 1120 locum
1363 1058 1485 1133 trebete
1514 1059 1589 1138 quia
1611 1058 1741 1122 arbitria

949 1157 988 1220 ad
1005 1153 1139 1220 formam
1154 1156 1353 1234 judiciorum
1371 1159 1497 1222 redacte
1509 1167 1596 1222 sunt.
1614 1181 1628 1215 s
1646 1157 1742 1220 Exci·

950 1256 1087 1336 piantur
1102 1271 1206 1319 cause
1218 1256 1354 1335 exigam.
1371 1264 1402 1320 et
1418 1258 1572 1334 leviores„
1598 1274 1670 1343 qua
1685 1273 1749 1320 nes

949 1353 1091 1418 cessario
1106 1353 1283 1416 scribenda
1300 1369 1364 1417 non
1379 1365 1467 1420 sunt.
1487 1379 1509 1416 a

990 1475 1048 1540 111.
1070 1475 1256 1556 Quotuplex
1273 1477 1315 1539 sit
1332 1479 1503 1562 probatio?

989 1599 1067 1658 Tres
1091 1589 1295 1676 potissimum
1321 1599 1498 1664 divisiones
1513 1605 1744 1688 assignanturl·

951 1692 979 1758 l.
991 1694 1172 1776 artificiottr
1186 1705 1247 1773 est,
1264 1713 1338 1780 quae
1352 1705 1421 1762 erte
1446 1707 1477 1762 et
1493 1699 1650 1767 industrie
1668 1721 1743 1783 pro·

948 1794 1054 1858 hantis
1083 1796 1249 1860 coniicitur
1276 1815 1331 1876 per
1351 1811 1555 1880 argumenta,
1588 1820 1628 1864 ex
1659 1805 1738 1884 ipsis

948 1894 996 1958 rei
1017 1895 1208 1970 visceribus,
1238 1915 1273 1961 ec
1301 1898 1379 1962 locis
1404 1901 1589 1965 intrinsecis
1619 1905 1739 1982 petita,

950 1993 1035 2059 unde
1051 2003 1082 2060 et
1097 1997 1224 2060 irritem
1244 2007 1371 2063 vocant.
1388 2001 1460 2065 Huc
1475 2003 1635 2081 praecipue
1660 2019 1744 2081 prae-

947 2095 1149 2174 sumptiones
1177 2105 1335 2177 spectant.
1366 2131 1405 2146 -
1428 2100 1647 2181 laorttficiclta
1676 2107 1739 2180 ost,

947 2213 1021 2277 qne
1038 2197 1216 2260 extrinsece
1234 2202 1437 2263 assumiture
1452 2203 1601 2276 testibus,
1619 2201 1722 2266 instru

947 2297 1077 2374 mentis,
1093 2296 1308 2373 confessione,
1322 2300 1518 2380 juramento,
1535 2307 1596 2364 eta.

984 2441 1016 2504 2.
1041 2440 1113 2502 «la
1130 2439 1330 2520 judicialem,
1360 2459 1433 2524 quae
1457 2444 1635 2524 injudicio
1666 2449 1738 2524 post

946 2543 1211 2608 contestationem
1231 2542 1320 2607 litisa
1355 2551 1384 2607 et
1401 2545 1433 2606 in
1450 2543 1737 2626 eatrnjudieislam,

945 2657 1018 2722 qun
1047 2649 1137 2706 extra
1156 2641 1269 2720 litem;
1288 2651 1319 2706 ot
1340 2644 1506 2723 antestitis
1530 2639 1740 2710 contestatio.

945 2758 1019 2806 nem
1033 2741 1079 2806 iit.

985 2863 1015 2927 3.
1039 2861 1356 2945 «triplarumque
1383 2863 1510 2945 plenam
1538 2865 1632 2930 lldem
1662 2863 1738 2929 lacit

941 2961 1043 3045 judici
1061 2963 1101 3028 de
1113 2983 1147 3029 re
1161 2967 1194 3026 in
1210 2966 1367 3045 judicium
1381 2966 1517 3030 deducta
1536 2973 1567 3030 et
1585 2967 1629 3032 ita
1645 2984 1738 3030 eum·

946 3063 1020 3124 dem
1033 3063 1065 3124 in
1082 3079 1177 3126 causa
1194 3063 1338 3138 instruit,
1353 3071 1388 3127 ut
1400 3063 1491 3128 trullo
1519 3063 1583 3127 alio
1598 3065 1735 3128 ulterius

947 3161 1135 3241 requisito,
1165 3161 1357 3224 sententiam
1391 3161 1476 3226 terre
1504 3205 1513 3237 ,
1543 3171 1575 3226 et
1608 3171 1737 3227 contro·

947 3262 1083 3323 versiam
1106 3260 1240 3324 delinire
1272 3260 1385 3340 possit.
1403 3293 1443 3308 -
1462 3261 1503 3325 ie
1526 3262 1738 3344 semiplenam,

947 3377 985 3424 ex
1005 3375 1068 3439 qua
1079 3359 1181 3438 juder
1213 3359 1306 3423 valde
1328 3360 1538 3440 probabiliter
1568 3363 1734 3426 veritatem

947 3459 986 3524 de
1008 3473 1044 3522 re
1069 3465 1273 3522 mntrorersa
1298 3460 1504 3539 introspicit,
1528 3477 1594 3524 non
1629 3467 1763 3525 temen·

947 3566 1033 3626 corto
1049 3565 1155 3622 notam
1169 3558 1277 3623 hebet.

985 3705 1088 3768 t’tena
1100 3699 1303 3781 probotionis
1317 3717 1372 3763 sex
1390 3701 1558 3780 precipuae
1573 3709 1649 3766 sunt
1661 3719 1739 3784 spe-

949 3801 1015 3864 cies
1033 3821 1041 3861 s
1058 3802 1100 3877 1·,
1112 3800 1416 3879 depositioduorum
1431 3803 1560 3864 testium
1575 3803 1663 3864 omrri
1675 3821 1733 3866 ex-

946 3900 1095 3982 ceptione
1123 3901 1281 3979 mejorum
1313 3915 1412 3979 supter
1443 3917 1520 3976 uno,
1551 3902 1733 3982 eodemque

946 3998 1104 4074 articulo;
1132 4001 1174 4074 2⁴,
1192 3999 1443 4065 instrumentum
1471 4001 1653 4079 publicum,
1684 3999 1735 4064 tel

945 4099 1007 4163 alia
1037 4099 1195 4180 scriptura
1227 4099 1411 4164 authentica
1435 4101 1509 4164 huic
1536 4101 1642 4184 quoad
1660 4117 1735 4181 pro-

945 4197 1043 4264 bandi
1063 4199 1127 4262 sim
1158 4201 1371 4280 aequiparela3
1397 4200 1737 4282 3*,prmsumpti01'n·r

946 4299 1195 4380 ris,etdejure;
1212 4297 1254 4374 t⁸,
1265 4299 1497 4378 juramentum,
1510 4299 1596 4380 quod
1612 4317 1629 4362 a
1645 4307 1736 4379 parta

102 4394 232 4459 sionem
258 4395 292 4460 iu
326 4413 421 4459 causa
452 4403 583 4462 nonest
610 4397 806 4462 admittenda
830 4399 894 4464 alia
945 4399 1090 4479 litigante
1122 4399 1185 4462 sibl
1211 4398 1353 4462 delatum
1394 4415 1465 4478 pars
1494 4401 1627 4462 adversa
1654 4415 1737 4478 pra-

104 4495 251 4572 probatio
262 4511 359 4574 super
378 4495 493 4558 iisdem
507 4495 674 4575 articulis,
687 4497 743 4560 sed
759 4505 892 4562 senten·
944 4508 1023 4577 stat,
1039 4501 1080 4574 d,
1100 4497 1260 4564 confessio
1286 4499 1390 4580 ipsius
1418 4499 1463 4562 rei
1476 4518 1487 4574 ς
1502 4501 1547 4574 6·,
1568 4497 1733 4563 evidentia

105 4595 148 4661 tia
166 4595 297 4660 terenda
313 4603 362 4666 est
389 4597 568 4661 secundum
587 4597 730 4679 priorum
761 4598 893 4663 testium
944 4599 1292 4665 seuootorletasiacti.

102 4697 336 4776 depositiones.
365 4697 510 4762 Sumitur
536 4717 576 4764 ex
599 4701 771 4764 odoravit
787 4701 819 4776 a,
849 4701 893 4763 tte
985 4723 1162 4806 ,effeetus
1189 4721 1294 4803 plenae
1320 4718 1521 4800 probationis
1551 4719 1668 4801 triplex
1682 4728 1732 4785 est

100 4796 286 4880 probation.
301 4798 395 4862 Ratio
411 4805 460 4862 est
486 4799 563 4879 qnia
575 4815 634 4880 per
648 4799 892 4865 conclusionem
944 4825 1084 4888 mmm,
1104 4844 1112 4884 2

101 4901 137 4960 in
154 4913 248 4959 causa
264 4905 439 4964 censentur
458 4905 564 4978 partes
581 4901 785 4966 renuntiasse
817 4915 892 4983 prn-

101 4997 305 5065 bagonjbug
986 4949 1017 5010 1·
1031 4945 1124 5021 Quod
1149 4945 1241 5025 jtrrte
1268 4943 1355 5006 illam
1373 4943 1424 5007 sit
1446 4942 1578 5008 terenda
1601 4951 1736 5010 senten-

944 5048 1000 5116 tia.
1015 5049 1098 5110 Hinc
1114 5048 1330 5110 condemnare
1347 5043 1446 5123 iudex
1474 5061 1564 5110 reum
1581 5046 1687 5119 debet,
1703 5045 1734 5110 sl

140 5121 469 5202 ⁷·‘111lll0blssd0
497 5123 675 5190 ⁸⁰fV³⁰dl¹⁸
705 5133 753 5191 θεῖ
788 5127 891 5191 ⁰fd⁰²
944 5158 1032 5216 actor
1050 5142 1264 5214 intentionem
1280 5165 1370 5212 suam
1403 5148 1499 5226 plene
1524 5148 1733 5227 probaverite

99 5223 303 5304 l³f511¹⁰enim
319 5227 533 5290 Ῑῦῑθῦῑῑῦΰθω
556 5244 647 5292 tum
668 5228 890 5307 ltl⁰b⁸¹⁸0¹⁰ts
944 5250 1112 5320 absolvere
1140 5257 1262 5324 antem,
1297 5249 1324 5310 si
1351 5257 1439 5313 actor
1463 5247 1543 5313 nihil
1574 5253 1629 5311 eut
1655 5263 1731 5309 reus

99 5331 171 5396 tum
187 5340 263 5388 16118
278 5325 311 5387 Ῐΰ
331 5342 388 5389 ⁸¹²⁸
401 5329 592 5408 tt¹sstllii⁰¹1t³
607 5328 750 5394 ludiim·
943 5357 1054 5416 contra
1070 5349 1164 5431 plene
1189 5349 1421 5429 probaverit...
1446 5349 1601 5430 Alioquin
1630 5347 1731 5430 iudet

137 5447 171 5511 8.
194 5469 210 5506 a
226 5447 591 5529 contemnamini,
607 5458 639 5516 et
653 5452 812 5516 sententia
829 5451 889 5515 lata
942 5455 1032 5518 litem
1047 5452 1143 5516 faciet
1159 5469 1264 5524 suam,
1281 5458 1312 5515 et
1329 5451 1368 5514 ed
1385 5450 1431 5523 ia.
1448 5454 1535 5533 quod
1553 5451 1730 5530 litigatores

100 5547 136 5610 in
161 5564 257 5612 causa
285 5548 405 5630 scripto
426 5551 522 5615 debat
557 5551 662 5634 excipi
687 5569 705 5615 a
735 5553 889 5629 notorio,
942 5553 1519 5631 intereat,condemnabitur....Quod
1535 5551 1563 5616 si
1578 5560 1727 5633 uterque,

101 5646 153 5708 rel
183 5646 256 5712 aliis
282 5649 412 5713 duobus
428 5652 506 5714 riris
527 5651 669 5726 idoneis,
698 5651 755 5733 qui
771 5656 888 5718 notarii
942 5662 1028 5720 actor
1046 5662 1080 5718 et
1096 5671 1184 5731 reus,
1214 5657 1308 5734 plene
1329 5655 1523 5734 probaverit,
1552 5652 1581 5716 is
1605 5654 1728 5728 vincet,

100 5747 210 5812 locum
229 5750 368 5815 subeant
384 5772 394 5826 ;
412 5750 657 5817 aliaslrdesnon
674 5755 891 5835 babetnrpro-
941 5757 998 5838 qrri
1026 5773 1082 5836 pro
1111 5772 1146 5820 se
1173 5755 1268 5820 nabet
1286 5754 1584 5836 praeumptionem.
1612 5753 1657 5834 (G.
1673 5751 1730 5814 lta

101 5849 210 5915 sessui
234 5858 265 5916 et
283 5851 396 5932 judieii
419 5853 510 5919 ociis.
526 5853 571 5936 (G.
588 5857 743 5938 Quoniam
766 5859 815 5936 11,
847 5857 888 5920 lte
944 5857 1058 5924 littoris
1084 5861 1114 5934 3,
1143 5858 1184 5920 tte
1214 5854 1408 5938 probatica.)
1437 5855 1579 5944 Aloqnin
1596 5853 1630 5918 in
1658 5849 1728 5935 pari
