4042 6458
291 383 346 452 taa
808 357 1402 440 tunrscanomctcouraamuu.
1870 368 1923 432 tm

292 495 452 570 tudinem,
479 496 515 556 ut
542 494 652 552 essent
678 501 737 568 pro
759 482 881 566 populo
909 489 1021 544 sancto
1040 494 1081 541 ex
1178 480 1332 561 Legimus
1346 480 1434 544 caim
1454 479 1489 542 ln
1503 476 1635 546 Actibus
1648 481 1871 562 apostoloram
1883 501 1925 558 rr,

292 609 356 660 aaa
381 597 469 673 parte
494 588 591 672 quasi
616 583 846 669 probationes,
871 589 904 646 el
923 598 964 646 ea
981 579 1082 680 altera
1135 579 1175 642 32
1191 588 1305 663 etseq.
1327 604 1335 644 ε
1361 577 1584 644 Multitudinis
1606 591 1709 645 autem
1731 581 1926 646 credentium

292 691 479 778 partequosi
493 686 842 766 custodiaeantepositu
854 700 934 766 quas
945 681 1081 746 transire
1137 691 1204 743 erat
1219 700 1276 744 cor
1289 700 1387 748 soum
1412 692 1442 743 et
1465 684 1572 744 aalma
1591 702 1673 752 ooo,-
1693 686 1927 764 necquicquam

291 796 453 870 oporteret
468 789 507 850 erl
522 785 763 849 deveniendum
787 800 893 863 usque
908 782 947 846 ad
972 798 1079 863 popu·
1136 798 1253 856 aarum,
1269 798 1336 862 pure
1343 781 1536 863 possidebat,
1551 782 1674 862 aliquid
1686 803 1779 845 suum
1794 802 1859 844 esse
1878 785 1927 846 rii-

250 899 252 904 ’
292 889 356 952 lum
384 889 535 952 eiectum.
563 886 683 949 Eadem
712 883 781 949 lere
801 881 1090 964 omrriancctesie,
1135 881 1238 951 oriar:
1275 882 1330 944 sco
1350 890 1442 946 eruat
1468 884 1536 946 iliis
1566 886 1670 947 omnic
1696 885 1927 947 communia...

289 989 481 1057 Cirristianae
497 985 700 1070 adimplebit.
1134 973 1240 1063 Neque
1261 985 1343 1046 euim
1361 986 1527 1064 pruisquam
1545 994 1633 1063 aprus
1649 995 1717 1046 erat
1732 987 1820 1047 iuter
1843 983 1927 1047 illos.

328 1091 413 1169 Ergo
448 1086 593 1150 Ecclesia
619 1085 781 1150 divinitus
807 1086 982 1151 constituta
1005 1093 1079 1151 aute
1133 1081 1294 1164 Quotquot
1318 1085 1400 1147 cuim
1414 1095 1612 1164 possessores
1628 1103 1781 1166 aprorum
1794 1095 1852 1148 aut
1871 1087 1927 1146 rto-
2007 1139 2008 1144 ,

288 1187 407 1252 Christi
435 1186 622 1260 adrentum,
647 1190 764 1249 terram
780 1185 943 1268 propriam
969 1203 987 1250 a
1012 1188 1079 1250 lico
1132 1200 1255 1244 morum
1280 1193 1393 1260 eruat,
1424 1185 1591 1247 reuocatos
1618 1187 1792 1268 operabam
1818 1191 1928 1266 pretia

287 1284 410 1366 accepit
437 1291 469 1348 et
494 1283 662 1363 posseditp
691 1291 912 1366 pratereaque
942 1301 1078 1364 regnum
1133 1283 1518 1363 eorumquacsadcoool,
1536 1287 1735 1366 reponebant
1748 1287 1927 1365 antepedes

281 1387 464 1466 ¹temporale
493 1391 525 1448 el
552 1383 748 1464 gubcraium
785 1375 881 1448 civile
910 1385 1079 1465 proprium
1132 1379 1360 1460 apostoloram.
1402 1385 1611 1447 Bioirirbatur
1646 1396 1751 1447 autem
1780 1387 1927 1465 ¹sa'npulir

288 1485 451 1550 lrabuitex
469 1483 807 1562 ordinationedirina,
825 1486 935 1549 ethaac
949 1485 993 1548 ita
1008 1483 1080 1549 lues
1132 1484 1357 1563 praetoriique
1383 1503 1462 1564 apua
1488 1493 1566 1559 crat,
1593 1493 1654 1549 ele·
1676 1487 1761 1567 Ergo
1784 1487 1927 1548 Escleslr

289 1594 364 1650 runt
380 1602 487 1666 usqne
508 1584 547 1647 ad
565 1592 693 1665 tempus
717 1581 752 1648 in
772 1602 838 1666 quo
858 1586 1000 1666 populns
1021 1589 1079 1648 lus
1134 1581 1299 1661 primitiva
1313 1583 1397 1647 bona
1414 1586 1601 1666 temporalia
1617 1586 1651 1648 in
1667 1588 1835 1648 commoni
1854 1602 1928 1665 pos-

288 1691 376 1749 rimus
392 1686 556 1748 Christum
572 1684 743 1766 abnegarit
762 1692 793 1750 et
807 1687 978 1762 crucifixit,
992 1687 1078 1750 unde
1132 1681 1269 1746 sinebar.

287 1785 432 1850 Ecclesia
451 1785 584 1849 ludaico
603 1785 739 1850 cessarit
754 1801 826 1850 esse
841 1791 954 1850 'rerum
968 1787 1080 1851 Eccte·
1172 1783 1302 1846 Fideles
1327 1789 1434 1848 tamea
1454 1801 1518 1848 non
1541 1787 1737 1867 cogebantur
1760 1805 1820 1850 sua
1847 1788 1927 1850 bona

289 1885 348 1948 sim
380 1885 545 1949 catholicoe
579 1896 737 1950 centrum.
770 1885 1008 1970 Proptereaqua
1038 1890 1078 1953 de
1133 1882 1291 1959 rendere,
1322 1899 1381 1944 noc
1398 1883 1500 1961 pretia
1528 1886 1834 1963 apostolisallerre3
1858 1905 1927 1948 uara

288 1998 370 2054 terra
386 2003 444 2050 sua
461 1985 619 2068 expulsus
635 1994 697 2064 est,
722 2003 788 2052 non
812 1989 924 2052 habuit
937 1989 1077 2069 amplius
1132 1983 1201 2045 Aci·
1219 2001 1249 2055 r,
1265 1983 1295 2054 3.
1312 1985 1425 2046 Petrus
1440 1985 1523 2047 dixit
1538 1987 1671 2048 Attflttloe
1687 2007 1696 2050 =
1713 1988 1855 2059 Anarta,
1874 2006 1930 2049 cur

268 2096 404 2150 ·terram
434 2087 607 2166 propriam,
626 2103 685 2151 neu
706 2105 856 2169 regnum,
878 2106 938 2152 nec
957 2090 1079 2168 guber·
1132 2082 1930 2167 leutaoitSatuuascortuum,mcatiritcSpr'ritui
2009 2123 2010 2152 2

287 2185 379 2251 nium
398 2189 574 2268 proprium,
594 2179 751 2270 quiajam
765 2205 830 2252 non
848 2200 913 2253 erat
934 2190 1078 2254 perabat
1131 2194 1253 2260 scorto,
1274 2194 1304 2246 ct
1320 2186 1473 2266 fraudare
1497 2188 1534 2250 rie
1555 2191 1662 2269 pretio
1686 2193 1781 2269 april
1816 2191 1928 2253 Nouae

287 2286 440 2350 Ecclesia.
479 2287 660 2351 Hereditas
688 2285 822 2350 Abrahae
853 2288 1003 2353 translata
1031 2295 1079 2352 est
1131 2305 1259 2348 mausus
1279 2287 1339 2352 tibi
1361 2290 1515 2363 manebat,
1543 2301 1573 2353 et
1589 2295 1803 2354 oeoonooturn
1821 2295 1858 2356 iu
1876 2305 1930 2356 tua

285 2377 439 2450 Ecclesiae
455 2386 586 2449 Christi.
602 2387 697 2462 Quod
714 2385 921 2450 contirmatur
936 2388 976 2450 ab
990 2389 1078 2467 Apo·
1132 2395 1201 2448 orat
1217 2397 1413 2468 potestate...
1431 2395 1515 2473 Ergo
1533 2393 1670 2456 liberum
1687 2404 1755 2456 erat
1774 2395 1926 2458 fiuctibus

285 2484 370 2549 stolo
381 2485 419 2548 ad
433 2484 586 2549 Hebraeos
607 2485 797 2575 rrr,12,his
813 2487 918 2550 verbis
935 2509 942 2550 ι
962 2489 1079 2549 Troas·
1131 2503 1210 2549 suos
1233 2505 1329 2570 agros
1354 2493 1495 2558 rendere
1511 2503 1542 2556 ct
1557 2495 1671 2556 atlerre
1689 2496 1830 2574 pretium
1845 2512 1926 2575 apo·

287 2584 352 2646 loto
370 2584 453 2646 cuim
475 2579 669 2658 sacerdotio,
688 2601 811 2645 necesse
835 2594 880 2646 est
894 2595 931 2646 ut
949 2594 977 2647 et
999 2584 1078 2667 lepis
1132 2589 1240 2668 stolis,
1257 2590 1307 2655 rel
1325 2610 1401 2656 non.
1415 2594 1493 2656 liam
1512 2594 1601 2658 nteit
1615 2598 1744 2657 sabelus
1761 2594 1924 2656 Basilius:

287 2683 456 2746 translatio
483 2683 550 2763 fiat.
566 2685 706 2746 Necesse
735 2690 784 2746 est
800 2690 834 2745 ut
854 2689 885 2746 ct
902 2683 1029 2763 jurium
1047 2694 1078 2748 ct
1134 2689 1303 2754 «ananim
1326 2693 1422 2755 initio
1441 2693 1555 2757 licebat
1577 2694 1820 2771 possessionem
1833 2712 1923 2757 snam
2010 2709 2011 2774 p

286 2791 482 2866 potestatum
514 2781 668 2846 Ecclesia
693 2781 860 2847 translatio
886 2785 949 2849 liat.
976 2789 1078 2866 igitur
1131 2790 1200 2852 Deo
1216 2807 1281 2853 non
1299 2792 1457 2873 polliceri,
1477 2811 1512 2856 ac
1529 2809 1659 2868 rovere,
1676 2797 1734 2858 sert
1753 2805 1922 2878 postquam

285 2883 429 2948 Ecclesia
446 2881 564 2948 Christi
579 2882 857 2966 luercditavitjure
873 2886 1077 2965 proprietatis
1132 2889 1172 2952 ed
1187 2889 1358 2956 humanam
1376 2893 1511 2972 gloriam
1530 2896 1719 2975 respiciens,-
1738 2898 1921 2974 posscssio-

286 2982 484 3059 etdominii,
496 2982 570 3063 jura
593 2999 666 3046 sese
689 2981 791 3046 libere
817 2983 1020 3064 gubernandi
1047 2993 1078 3048 et
1132 3005 1207 3052 nem
1225 3009 1317 3054 suam
1344 2995 1409 3056 boo
1433 3013 1490 3074 per
1514 2996 1783 3077 pollicitationem
1809 3015 1922 3060 conse-

286 3085 383 3150 ati‘am
399 3083 540 3148 civiliter
560 3083 822 3160 administrandi,
839 3101 904 3148 non
921 3094 1028 3148 autem
1043 3087 1078 3150 in
1132 3090 1244 3168 orarit,
1258 3101 1293 3155 at
1306 3095 1494 3159 bominibus
1510 3099 1551 3160 ob
1566 3098 1821 3161 muniticcntiam
1839 3109 1922 3163 esset

287 3183 448 3266 singulari
463 3189 494 3248 et
508 3183 693 3263 particulari
708 3191 806 3257 terra,
822 3185 879 3248 scri
895 3185 930 3248 in
946 3185 1080 3249 unirer·
1131 3189 1350 3268 utmirarioni,
1368 3203 1456 3275 parte
1474 3197 1567 3275 pretii
1583 3200 1736 3276 seposita,
1762 3199 1921 3279 ejusmodi

285 3304 324 3353 so
352 3288 448 3362 orbec
478 3294 627 3350 contram
656 3291 762 3350 tamen
790 3285 954 3359 Ecclesiae,
982 3287 1083 3362 sedes,
1131 3292 1303 3355 adversum
1332 3312 1368 3358 sc
1398 3297 1653 3376 indignationem
1680 3301 1814 3362 Domini
1841 3318 1924 3362 com·
2011 3335 2012 3338 =

286 3387 383 3462 Petri,
399 3385 531 3450 habebit
548 3395 664 3450 terram
688 3385 850 3464 propriam
875 3401 973 3464 quam
989 3383 1077 3446 dabit
1133 3399 1243 3471 movit,
1261 3399 1353 3479 cujus
1372 3401 1487 3464 persus
1505 3403 1652 3468 minisrap
1667 3403 1742 3470 fuir,
1762 3429 1777 3462 ,

284 3485 351 3568 lll⁵i
376 3488 486 3560 ⁰015,
517 3491 613 3566 Pf⁰¹ll
646 3501 705 3564 per
732 3481 899 3546 Danieli-'¹¹¹
934 3483 1079 3563 prophe·
1172 3498 1366 3576 Huiusmodi
1384 3504 1598 3565 communitas
1615 3506 1821 3568 bonorumet
1837 3505 1926 3568 auxi·

284 3593 350 3649 tam
371 3585 572 3666 promiserat,
587 3583 862 3666 quemadmodum
881 3583 965 3646 lsslffl
993 3583 1080 3646 dlsse‘
1134 3596 1251 3660 tiorum
1263 3608 1449 3665 mutuorum
1466 3621 1531 3668 aon
1549 3604 1611 3666 luit
1628 3605 1758 3668 limitata
1776 3607 1924 3672 Ecclesia

287 3701 375 3750 mus.
1140 3681 1457 3780 llierosolpmitansa,
1482 3703 1539 3767 sed
1554 3713 1665 3768 omnes
1690 3705 1803 3770 ildelcs
1823 3711 1924 3771 unde·

324 3784 480 3850 Probatur
494 3784 562 3861 lll',
575 3785 723 3849 suiuooo
739 3785 861 3850 Christi
882 3794 1078 3849 ittidmeltlor
1132 3815 1262 3878 quaque
1291 3800 1355 3864 sibi
1383 3802 1521 3868 invicem
1561 3807 1812 3882 auxiliabantur,
1831 3817 1923 3888 prout

285 3887 316 3949 1.
332 3885 479 3949 Christus
497 3891 529 3949 et
542 3886 679 3965 apostati
695 3904 768 3949 cum
784 3903 835 3961 ea,
855 3887 888 3950 id
905 3895 952 3950 est
969 3888 1078 3951 acera—
1132 3897 1277 3963 ieccrant
1306 3903 1488 3967 Antiochia
1527 3904 1662 3982 iratresr
1691 3925 1763 3970 nam
1793 3909 1826 3970 ia
1856 3913 1923 3974 aar.

284 3985 346 4064 sia,
374 3985 560 4052 habuerant
590 3987 702 4051 liscum
734 3989 901 4066 publicum
925 3997 957 4052 et
987 4006 1077 4052 com·
1132 4006 1234 4078 apost.
1261 4012 1308 4076 ar,
1335 4003 1375 4064 28
1393 4011 1424 4065 et
1450 4022 1518 4084 seq.
1544 4007 1700 4086 propheta
1727 4007 1855 4086 Apulae
1884 4019 1925 4069 η.

286 4103 400 4160 mune,
418 4105 460 4150 ex
485 4087 703 4151 oblationibus
718 4088 919 4153 credentium
935 4110 943 4164 3
961 4089 996 4160 in
1012 4107 1078 4170 qrto
1130 4099 1300 4178 pacificabat
1311 4119 1370 4180 per
1380 4103 1538 4184 Spiritum
1551 4107 1664 4184 samem
1685 4117 1826 4188 moenam
1837 4113 1909 4189 [atra

285 4188 468 4252 dominium
486 4188 663 4270 perlectum
690 4187 885 4265 babuerunt,
904 4199 940 4254 ut
966 4200 1022 4266 est¹
1037 4193 1078 4256 de
1131 4203 1200 4255 ram
1221 4198 1254 4257 iu
1277 4200 1423 4260 universo
1442 4202 1515 4262 oric
1544 4207 1726 4276 terrorumr
1752 4225 1819 4285 qua
1840 4211 1924 4289 sacta

285 4289 358 4364 irate,
371 4289 465 4369 juxta
480 4289 567 4369 qaod
581 4306 678 4368 supra
694 4289 815 4352 dictum
832 4299 892 4353 cst.
1133 4300 1178 4353 ast
1205 4293 1263 4354 ruli
1298 4293 1447 4358 Claudio.
1484 4298 1647 4380 Discipuli
1677 4313 1801 4378 catera,
1825 4315 1923 4386 prout

324 4390 354 4453 b.
378 4389 537 4469 Apostoli,
557 4395 588 4452 et
602 4392 716 4452 Petrus
732 4406 843 4453 eorum
860 4392 1032 4456 monarcha
1047 4398 1078 4455 et
1131 4394 1201 4473 pois
1217 4393 1361 4468 babebat,
1381 4409 1620 4477 proposuerunt
1635 4401 1758 4482 riopuli
1773 4406 1808 4466 ia
1829 4408 1922 4466 mial-

284 4489 405 4554 libristl
430 4490 583 4567 sicarius,
601 4497 775 4571 pergerunt
792 4505 946 4554 exercere
965 4490 1077 4554 eadem
1132 4496 1263 4556 sterium
1287 4497 1412 4559 urirtarr
1434 4498 1649 4561 babitantibus
1671 4503 1705 4563 io
1728 4505 1841 4566 ludeo
1857 4509 1922 4579 [ro-

281 4592 356 4672 iura
376 4592 485 4656 utrina
503 4592 708 4672 proprietatis
725 4599 756 4654 et
774 4591 982 4670 supremotira
995 4593 1077 4656 tam·
1133 4594 1252 4656 tritius:
1265 4595 1349 4676 quoa
1364 4605 1393 4658 ot
1414 4600 1569 4676 feceruut,
1592 4601 1751 4662 mittentes
1765 4604 1807 4662 art
1822 4607 1923 4664 senia·

285 4691 405 4770 poralis
426 4701 496 4770 post
519 4691 637 4754 Cirristi
664 4691 903 4754 ascensionem.
928 4692 1077 4756 aldeli·
1132 4711 1253 4774 reaper
1269 4715 1378 4758 manus
1394 4697 1587 4760 llaraalroet
1601 4701 1704 4762 Sauli.

286 4790 347 4853 bus
378 4791 459 4852 bona
489 4788 678 4867 temporalia
703 4797 914 4869 acceperuntr,
942 4801 1080 4855 certum·
1144 4865 1149 4872 ,
1175 4793 1322 4872 apostati
1340 4795 1532 4856 ordinabant
1546 4795 1698 4859 collectas
1716 4797 1876 4862 iaciendas
1892 4800 1921 4862 in

286 4907 351 4970 que
367 4896 415 4951 est
432 4888 610 4966 primorum
625 4879 769 4951 bdelium
788 4891 870 4952 bona
891 4895 1078 4967 temporalia
1133 4901 1260 4955 sanctos
1290 4907 1363 4973 quaa
1390 4895 1599 4958 mittebantur
1625 4896 1659 4958 in
1684 4899 1864 4962 Jerusalem
1885 4902 1921 4962 ui

286 4999 319 5055 et
357 4989 584 5064 territorialia,
620 4988 764 5068 subjecta
794 4989 897 5053 luisse
926 4993 1079 5056 Ecclesia
1132 4992 1307 5072 apostolus,
1337 4995 1483 5058 seniores
1521 5005 1552 5058 ot
1580 4997 1705 5074 iratres,
1731 5001 1922 5081 Pauloapo·

282 5081 520 5172 jurisdictioni,
537 5089 596 5152 etsi
621 5090 683 5152 sub
699 5091 829 5152 nominc
845 5091 988 5155 liuclinm
1005 5111 1079 5173 pro·
1132 5091 1215 5155 stola
1231 5095 1367 5156 testante
1391 5095 1404 5156 l
1425 5094 1462 5156 ari
1479 5094 1676 5171 Corinthios,
1692 5117 1760 5172 rur,
1778 5103 1792 5162 t
1811 5111 1921 5180 etseq.

287 5193 515 5274 prietariorum
529 5191 707 5256 monerent.
720 5193 766 5256 Ex
779 5193 967 5274 hujusmodi
983 5196 1078 5261 botris
1132 5193 1177 5254 Di
1191 5193 1330 5255 collectis
1345 5203 1449 5255 autem
1461 5213 1528 5274 puoe
1545 5196 1626 5274 fiunt
1644 5199 1921 5269 insonaturum

187 5353 190 5360 .
285 5294 428 5360 Ecclesia
458 5293 655 5374 percipiebat
676 5301 709 5357 et
727 5293 971 5360 administrabat
993 5300 1079 5362 rodi·
1133 5290 1281 5386 ordinari
1312 5295 1451 5356 ecclesiis
1479 5295 1624 5384 Galaria,
1649 5299 1804 5362 iroetoos
1817 5303 1919 5383 [acite.

288 5405 378 5460 tuum
395 5396 577 5477 portionem
593 5393 695 5458 libere
711 5395 817 5457 datam
836 5403 891 5457 ant
907 5395 1002 5458 etiam
1022 5416 1078 5477 per
1133 5393 1195 5455 Per
1208 5402 1302 5454 uuam
1319 5395 1449 5458 Sublati
1466 5401 1678 5479 uuusquisque
1691 5401 1922 5484 oestrumapurl

286 5497 478 5578 apostolicas
493 5496 581 5576 leges
604 5495 861 5558 determinatam.
889 5497 927 5557 Iit
942 5495 1008 5559 baec
1029 5505 1079 5558 est
1131 5511 1163 5556 ae
1174 5503 1317 5574 seponat,
1327 5496 1499 5558 recondens
1514 5500 1597 5578 quari
1612 5501 1641 5562 ci
1655 5501 1729 5564 berre
1742 5503 1921 5581 placuerit:

286 5601 377 5682 origo
400 5601 611 5672 decimarum,
635 5597 834 5660 oblationum
852 5597 920 5659 sire
937 5599 1078 5660 rerrtbaa
1131 5611 1167 5662 ut
1182 5619 1257 5676 nou,
1272 5619 1341 5662 aum
1360 5619 1484 5676 asuero,
1502 5613 1576 5666 tuor
1594 5605 1731 5667 collalto
1742 5606 1834 5684 piarat.
1850 5606 1921 5668 Cau

287 5697 411 5762 tionum
428 5699 579 5764 Ecclesiae
594 5695 633 5760 eb
649 5695 800 5760 amnibus
817 5695 969 5759 fidelibus
989 5698 1079 5762 alebi·
1131 5712 1234 5763 orclem
1248 5719 1384 5781 prosena
1407 5705 1510 5780 sucro,
1536 5723 1612 5784 quos
1633 5707 1847 5784 probaveritis
1865 5726 1920 5788 per

286 5801 401 5860 terum.
1134 5802 1295 5886 epistolar,
1321 5804 1378 5866 laos
1406 5803 1526 5866 aritiam
1549 5810 1693 5886 perferre
1715 5810 1853 5888 pralium
1874 5827 1919 5868 sr-
