4044 6458
274 311 340 376 ata
497 269 501 278 ¹
786 312 900 372 rums
919 312 1098 374 canonici
1126 311 1391 390 couruumuu.
1849 320 1899 384 sn

274 437 335 494 est.
352 429 397 508 td.
413 427 468 490 lin.
486 427 528 488 Iis
541 426 721 506 presbytero
731 424 967 504 nontapuzat,
980 426 1011 487 in
1027 427 1059 500 6,
1117 425 1318 500 introducit;
1346 433 1378 488 at
1398 425 1490 489 nobis
1505 426 1592 488 sieut
1606 435 1637 490 et
1654 427 1691 492 l).
1710 428 1810 492 Bouir
1831 451 1898 498 tero

276 528 348 609 etc.)
363 563 398 575 -
416 527 681 606 Praesumptionis
703 525 791 605 juris
814 531 843 585 et
860 523 982 606 dejure
1007 526 1063 588 nni
1116 525 1242 588 videtur
1270 526 1372 606 prima
1394 527 1554 590 sententia
1572 536 1667 590 otest
1684 528 1802 610 injure
1827 530 1899 595 iun-

275 627 544 709 oognoscenssibi
559 626 782 707 desponsatam
800 625 862 688 sub
880 626 1065 690 conditione
1114 623 1196 686 data.

276 731 708 811 praesumiturconditionem
730 729 909 804 remisisse,
928 730 1064 792 etabso·
1154 725 1212 787 lX.
1235 725 1363 805 ltcpuioe
1395 730 1675 809 praesumptionum
1692 729 1860 795 traduntur
1883 753 1899 796 a

279 830 343 893 tute
359 829 392 892 in
422 827 659 891 matrimonium
688 827 906 890 consensisse.
937 825 984 906 (C.
1003 824 1065 886 Per
1114 825 1409 906 Schmulzgruebcr,
1426 838 1521 908 prout
1536 831 1695 909 sequitur.

277 939 347 1000 tuus
360 929 393 1006 ti,
406 929 580 1002 Dccondit.
595 929 719 1008 oppos.)
1153 925 1272 1006 Reputo
1302 932 1331 990 1.
1362 929 1634 1008 Prmsumptiones
1665 931 1818 1004 violente·
1838 948 1897 993 non

318 1027 369 1088 vt.
394 1027 533 1091 Effectus
551 1027 808 1107 presumptionis
828 1026 916 1106 juris
944 1031 1064 1086 tautum
1116 1026 1266 1091 oriuntur
1300 1028 1362 1090 nisi
1401 1047 1440 1090 ex
1479 1029 1628 1094 violentis
1667 1039 1699 1094 ot
1730 1030 1899 1094 vehomen-

276 1126 421 1205 estquod
437 1141 669 1212 eumproquo
691 1130 764 1208 stat,
781 1125 894 1202 linerat
908 1124 1063 1202 probandi
1115 1125 1201 1186 titius
1218 1125 1424 1205 conjecturis.

276 1223 484 1309 necessitate,
511 1239 648 1302 eamque
685 1221 835 1286 transfert
859 1222 892 1283 in
918 1223 1064 1302 adressa·
1152 1225 1272 1303 Reputo
1299 1227 1330 1289 2.
1365 1227 1633 1308 Praesumptiones
1660 1245 1726 1292 non
1754 1229 1899 1296 violente

277 1325 374 1398 rium,
400 1323 456 1402 qui
473 1322 537 1386 nisi
558 1321 753 1386 contrarium
779 1322 904 1402 probet,
928 1321 1062 1383 intentio
1115 1327 1279 1389 ducuntur
1294 1347 1335 1388 ex
1351 1329 1564 1393 cummuniter
1581 1329 1860 1408 contingentibus.

279 1423 411 1486 alterius
429 1423 563 1486 habetur
584 1439 639 1500 pro
667 1423 808 1486 ueritate.
827 1421 923 1508 (Armi
938 1439 965 1483 c.
978 1421 1010 1494 2,
1032 1429 1064 1482 et
1153 1426 1443 1507 repatriationis
1464 1447 1517 1492 res
1530 1436 1590 1504 est,
1619 1430 1647 1492 si
1671 1429 1742 1492 talis
1774 1446 1898 1492 manere

275 1526 386 1589 oilie
397 1524 540 1604 prodet.)
551 1525 587 1588 Et
599 1525 757 1600 sortientia
770 1525 945 1606 secundum
961 1523 1061 1602 ipsun
1112 1529 1236 1608 possit„
1248 1532 1455 1609 presumitur
1470 1530 1574 1593 adhuc
1590 1529 1665 1592 talis
1681 1546 1768 1606 esso,
1783 1535 1817 1594 et
1831 1528 1897 1592 talis
2006 1573 2007 1576 ,

278 1627 559 1708 protertur-saitem
576 1627 607 1686 in
623 1626 784 1691 civilibus».
802 1622 849 1704 (C.
865 1621 915 1684 Au
930 1621 1062 1686 decimos
1114 1644 1275 1700 mansura,
1294 1628 1356 1690 nisi
1375 1629 1529 1706 probetur
1541 1632 1687 1694 mutatio.

274 1733 306 1801 2,
327 1730 485 1792 llercstit.
500 1726 629 1808 spoliet.
648 1725 692 1804 6.)
1150 1724 1269 1804 utputa
1284 1724 1313 1786 is.
1336 1724 1493 1800 Qualitas,
1517 1743 1590 1806 qum
1606 1727 1799 1793 naturaliter
1819 1727 1898 1790 inest
2006 1775 2007 1780 1

315 1829 384 1892 Vll.
406 1827 615 1904 Praesumptio
630 1825 731 1904 juria,
750 1832 778 1885 et
792 1821 829 1883 dc
847 1823 924 1904 jurc
952 1823 1060 1902 pitines
1111 1823 1247 1896 homini,
1264 1843 1391 1905 semper
1406 1828 1519 1890 adesse
1535 1827 1755 1907 presumitur.

276 1929 411 2006 effectus
441 1927 545 1990 nater.
568 1925 645 1986 Num
665 1927 693 1986 t·
719 1930 750 1987 et
776 1924 994 2004 principaliter
1019 1925 1059 1985 ita
1150 1925 1321 2006 Repulsi.
1345 1929 1449 2002 Facta,
1474 1927 1652 2006 dequibus
1674 1927 1896 1999 dubiumost,
2006 1901 2007 1904 Ἴ

277 2031 411 2094 liabetur
435 2044 491 2105 pro
515 2027 662 2097 veritate,
685 2034 719 2088 ut
738 2027 924 2104 regulariter
949 2025 1061 2104 proba·
1110 2045 1175 2106 qno
1203 2031 1310 2092 animo
1331 2029 1505 2105 laetasint,
1527 2029 1561 2094 in
1585 2030 1750 2092 meliorem
1778 2038 1895 2109 partem

277 2131 356 2197 tioni
378 2131 545 2195 contrarie
573 2130 662 2191 locus
678 2147 742 2192 non
772 2130 837 2203 sit;
864 2131 939 2194 hinc
965 2131 1058 2193 etiarn
1110 2128 1311 2207 interpretari
1327 2129 1493 2200 debemus.
1511 2129 1558 2209 (C.
1573 2129 1683 2192 Estote
1692 2131 1723 2204 3,
1740 2131 1784 2191 lle
1798 2128 1894 2208 repul.
2006 2167 2007 2220 ι

274 2231 447 2294 necessario
461 2213 650 2309 appellatur.
668 2265 705 2277 -
728 2231 905 2310 i‘lmpedit
921 2233 1061 2312 appella·
1105 2226 1187 2309 jur.)
2006 2301 2007 2312 χ

276 2329 711 2394 tionem-3⁰Etinmnon
738 2330 876 2393 admittit
898 2331 1061 2409 juramen·
1149 2329 1268 2407 Reputo
1300 2331 1330 2390 c.
1364 2330 1506 2404 Quilibet
1537 2330 1741 2407 praesumitur
1779 2329 1894 2396 bouus,
2006 2315 2007 2380 ὲ

276 2440 342 2496 tum
372 2434 443 2513 ejus
482 2440 590 2495 contra
615 2449 711 2510 quem
742 2439 814 2496 stat.
846 2466 883 2476 -
912 2432 941 2491 tu
966 2435 1059 2494 Juxta
1111 2424 1171 2487 nisi
1191 2426 1343 2504 probetur
1372 2428 1484 2489 nialus.
1504 2427 1559 2506 (lla
1581 2445 1648 2505 cap.
1679 2427 1794 2489 simiis
1821 2444 1896 2504 pro·

275 2531 435 2606 camierri
452 2539 559 2611 potest
576 2531 748 2612 sortientia.
1110 2525 1368 2604 sumptionibus)
2006 2591 2007 2594 ,

312 2627 429 2691 Contra
446 2645 515 2691 eam
533 2635 637 2692 tamen
650 2627 827 2694 admittitur
841 2627 989 2706 probatio
1007 2629 1058 2690 iu·
1150 2623 1266 2704 Reputo
1281 2627 1311 2691 7,
1342 2627 1614 2690 Concurrentiltus
1642 2626 1791 2706 pluribus
1823 2641 1895 2702 prm·

274 2729 404 2808 directo,
422 2728 542 2794 scilicet
557 2729 698 2815 ostendit
721 2733 794 2791 non·
807 2728 875 2792 dari
906 2745 1060 2812 prsssum·
1110 2728 1363 2803 sumptionihus,
1376 2746 1447 2808 qum
1464 2728 1548 2791 inter
1564 2746 1599 2792 se
1611 2738 1766 2806 pugnant,
1780 2725 1892 2788 tonto-
2006 2717 2007 2746 ¹

276 2830 442 2914 ptionem,
474 2829 543 2892 sive
568 2845 632 2890 non
655 2827 769 2908 adesse
801 2827 996 2906 qualitates,
1028 2831 1059 2886 et
1111 2842 1161 2886 res
1179 2826 1350 2905 prevalent
1366 2826 1592 2892 debilioribus.
1609 2824 1679 2906 (Per
1700 2830 1811 2891 textus
1829 2841 1894 2902 cap.

274 2930 529 2994 circumstantias
559 2929 599 2992 ad
633 2928 720 2990 illam
747 2926 955 3006 requisitasn
989 2927 1059 3003 lege
1111 2925 1605 3007 Trnnsrnissae3,Qci,fii,tepit.)

274 3039 385 3095 contra
411 3031 692 3110 presumptionem
704 3030 788 3106 juris
804 3036 835 3090 et
854 3029 984 3106 dejure
1002 3028 1058 3089 ad·
1147 3023 1233 3097 Quas
1252 3027 1377 3103 regulas
1393 3026 1623 3096 rideevotutas
1635 3024 1892 3106 apudschmalz-

274 3129 413 3194 mittitur
440 3127 535 3191 etiam
553 3125 702 3205 cticpctic
727 3125 861 3197 notorii,
887 3128 962 3204 quin
989 3143 1062 3204 pro·
1109 3123 1295 3200 grueberin
1318 3125 1773 3200 tit.xx1n,tib.11unrunt,
1796 3143 1830 3192 n.
1847 3126 1893 3196 23,
2006 3207 2007 3218 ἵ

275 3231 374 3307 betto,
404 3246 477 3309 qum
499 3229 533 3292 ut
560 3247 616 3308 per
645 3227 838 3291 evidentiam
865 3225 949 3300 iacti,
978 3245 1060 3288 nun·
1110 3223 1214 3288 adil.

274 3347 370 3412 quam
384 3338 536 3394 censetur
547 3327 688 3391 exclusa.
704 3327 892 3389 Admittitur
907 3327 1057 3404 consessio

276 3415 440 3509 iudicialis
454 3427 532 3492 lacta
544 3429 583 3492 ab
595 3445 646 3500 eo,
663 3444 719 3506 pro
734 3444 800 3507 quo
827 3433 887 3488 stat
911 3443 1059 3504 praesunt·

276 3538 341 3618 ptio
354 3555 362 3609 ς
374 3541 405 3596 et
420 3533 515 3595 etiam
531 3529 681 3611 consessio
696 3526 959 3610 estraJudiciaiis,
988 3543 1060 3604 pro·
1148 3545 1161 3578 t
1180 3523 1267 3602 Saepe
1282 3523 1449 3602 contingit,
1465 3531 1496 3586 nt
1515 3539 1579 3584 non
1597 3524 1728 3602 quidem
1740 3524 1810 3602 ius,
1840 3524 1892 3585 sed

275 3635 361 3699 tatto
378 3649 436 3714 per
454 3639 551 3693 testes
568 3637 599 3692 et
612 3646 669 3707 per
684 3631 935 3690 instrumentum
953 3625 1058 3703 pubii-
1110 3620 1255 3699 probatio
1284 3622 1317 3682 in
1345 3621 1468 3702 iudicio
1501 3622 1681 3700 litigantem
1701 3620 1858 3684 destituat
1883 3641 1892 3680 :

1294 3389 1374 3463 §tlt
1398 3420 1435 3432 -
1463 3389 1500 3448 lle
1519 3376 1709 3464 iureiurandoss

277 3753 360 3800 cum.
391 3731 538 3812 lienique
556 3727 761 3810 praesumptio
778 3727 910 3808 juriset
932 3726 1058 3804 dejure
1109 3739 1207 3800 quare
1233 3739 1273 3783 nc
1306 3739 1344 3784 ex
1370 3721 1744 3802 [trebationumdeiectu
1771 3765 1780 3796 ,
1808 3723 1892 3800 quod
2006 3725 2007 3784 i

275 3843 389 3910 cessat,
408 3835 434 3897 si
450 3829 670 3914 contraipsam
687 3827 833 3908 admissa.
843 3828 885 3890 sit
901 3828 1057 3908 probatio,
1109 3840 1203 3884 suum
1221 3829 1282 3900 est,
1296 3821 1425 3899 assequi
1437 3821 1554 3902 aliquis
1574 3821 1795 3900 prohibeatur,
1810 3821 1892 3882 saln-

276 3942 364 4019 purte
394 3951 458 3997 non
481 3937 702 4013 opponente...
724 3928 838 4009 (Super
853 3928 977 4009 quibus¹
991 3945 1059 3988 om·
1109 3921 1208 3986 briter
1223 3921 1406 3986 institutum
1427 3928 1542 3997 est,‚ut
1553 3921 1776 4000 juramentum
1799 3921 1846 3984 ret
1876 3938 1892 3982 a

275 4037 370 4099 nibus
388 4032 459 4095 vide
476 4032 678 4093 Scuuaazuu.
696 4030 728 4090 in
747 4028 796 4090 tit.
813 4045 908 4100 xxtu,
921 4028 963 4087 lic
978 4045 1058 4106 pro·
1110 4029 1209 4100 parte,
1230 4021 1277 4084 rel
1291 4021 1429 4101 ajudioa
1458 4021 1621 4083 deleratur
1635 4021 1726 4084 alteri
1744 4020 1892 4100 litiganti,
2006 4077 2007 4096 ἶ

275 4129 518 4213 sumptionibus,
551 4129 604 4190 titt.
625 4144 648 4189 n
672 4125 821 4188 ltccrstul.
839 4134 871 4188 n·
896 4127 911 4186 1
941 4127 978 4188 ad
995 4125 1057 4205 tt.)
1109 4124 1221 4202 sicque
1250 4123 1422 4196 decidatur¹
1450 4123 1503 4200 lis,
1520 4121 1697 4202 qiuaeatiter
1714 4121 1820 4183 decidi
1836 4139 1891 4183 ne·
2006 4149 2007 4152 ¹

315 4231 398 4294 Vlll.
418 4227 579 4304 Queritur
596 4244 634 4290 on
657 4243 696 4288 ex
720 4226 816 4287 nudis
839 4225 1050 4304 presumptio·
1110 4222 1192 4300 quit.
1210 4223 1300 4284 Finis
1328 4222 1425 4302 igitur
1441 4221 1615 4302 juramenti
1641 4220 1812 4299 injudicio
1835 4223 1891 4282 de·
2006 4253 2007 4256 =

276 4332 371 4394 uibus
394 4328 537 4404 incensa
551 4322 707 4388 criminali
739 4323 896 4386 sententia
910 4323 996 4398 ferri,
1026 4330 1054 4384 et
1111 4323 1162 4384 lati
1185 4323 1297 4384 estrei
1325 4329 1536 4384 controversm
1554 4321 1765 4396 confirmatio,
1783 4327 1814 4381 et
1829 4319 1890 4380 litis
2006 4383 2007 4386 ,

275 4447 348 4493 rens
364 4423 571 4506 condemnari
587 4422 713 4502 possit?
1109 4422 1241 4484 decisio.
1272 4423 1356 4484 ilinc
1397 4423 1580 4500 Apostolus,
1617 4421 1714 4482 liebr.
1745 4437 1788 4492 ιι,
1818 4420 1889 4480 ld·

312 4531 390 4590 Tres
420 4525 553 4588 omnino
584 4529 660 4600 snut
685 4521 851 4584 doctorum
879 4521 1054 4586 sententie.
1109 4525 1215 4588 Omnis
1230 4525 1449 4588 controversie
1466 4523 1551 4603 finis,
1577 4521 1695 4601 inquit,
1724 4520 1766 4582 ad
1785 4519 1890 4600 conpr.

273 4628 359 4692 luter
381 4626 447 4687 ltoec
472 4621 576 4702 primu
605 4621 769 4683 contendit
802 4638 890 4682 reum
914 4622 955 4684 ob
979 4637 1058 4700 prae·
1107 4628 1270 4688 motionem
1292 4635 1335 4686 est
1350 4626 1574 4706 jurommtum.
1607 4622 1713 4696 Quare
1728 4621 1793 4684 sit:

273 4722 490 4804 sumptionem
511 4721 606 4782 etiam
627 4720 799 4783 violentam
827 4720 969 4791 dumnari
993 4740 1056 4784 non
1146 4727 1171 4788 1.
1203 4727 1433 4808 Iusiurandum
1464 4726 1572 4806 ajure
1602 4739 1719 4786 nomen
1747 4718 1886 4798 accepit,

274 4839 380 4904 posse,
400 4820 455 4881 Sssd
485 4817 715 4882 flb⁸0¹V⁶⁰dUffi
731 4817 902 4908 rhenoque
929 4827 1056 4882 seuten-
1108 4829 1194 4911 quod
1210 4829 1310 4890 instar
1322 4827 1408 4906 juris
1425 4827 1467 4889 sit
1479 4823 1732 4888 obseruandum.
1748 4822 1822 4884 Alio
1835 4837 1888 4880 no·

274 4926 349 4988 tiam
373 4923 519 4986 doctores
544 4919 677 4996 probant
697 4935 733 4978 ex
759 4918 957 4996 variisjuris
987 4928 1057 4982 ter·
1110 4931 1195 4990 mine
1239 4929 1417 5006 apponatur
1450 4931 1688 4998 sacramentum,
1723 4919 1885 4984 Definitum
2006 4987 2007 4996 ἵ

273 5026 372 5097 tinus,
405 5037 474 5083 0⁸¹¹·
509 5017 573 5082 N⁰⁸
607 5021 653 5092 15
682 5035 775 5081 ⁰⁸⁰⁵ss
804 5019 834 5091 2,
874 5033 985 5098 quaest.
1017 5023 1055 5095 13
1109 5020 1887 5105 utrodsitinoocutiodicinincminitintestimo·
2006 5011 2007 5082 ἦ

264 5143 300 5214 ‚th
320 5123 455 5186 filiiflii
473 5119 523 5194 st,
547 5121 588 5180 30
605 5119 923 5198 presumpttoutcu„
953 5121 1007 5182 lib.
1032 5139 1056 5181 ιι
1107 5128 1207 5202 mium,
1229 5126 1277 5188 rel
1296 5135 1329 5188 ut
1345 5121 1654 5204 altiloquunturmd
1666 5120 1759 5201 pidem
1772 5118 1884 5198 [crim-

272 5221 498 5299 Decretci.,ibi
524 5219 688 5300 :Propter
713 5220 810 5282 solunt
837 5222 1056 5299 suspicionem,
1109 5227 1179 5289 dam
1213 5227 1297 5288 dicto
1321 5273 1329 5301 ‚
1353 5236 1412 5294 aur¹
1439 5225 1675 5304 promisspown
1695 5218 1882 5302 firmandam,

272 5323 411 5408 quumvis
421 5319 786 5394 celunentcm‚noicmus
798 5321 882 5382 ilium
894 5333 956 5383 tum
965 5326 1056 5403 proci
1108 5325 1332 5406 (Communis.)

272 5424 402 5487 crimine
439 5419 567 5500 (nempe
600 5417 743 5497 heresis)
772 5421 984 5487 condemnare.
1019 5458 1057 5470 -
1148 5415 1883 5503 llllultaeetvaricosuntjurmnentiformulas

270 5520 411 5586 Secundo
422 5520 581 5584 sententia
594 5519 692 5598 priori
704 5519 823 5584 directe
838 5525 984 5600 opposita
996 5532 1054 5586 est.
1104 5528 1196 5604 juxto
1230 5525 1427 5588 diversarum
1454 5523 1621 5602 regionum
1637 5517 1882 5585 consuetudines

272 5655 309 5667 -
335 5622 441 5682 Tertio
464 5620 623 5682 sententis
654 5619 737 5680 inter
764 5629 931 5700 utramque
953 5624 1055 5684 medin
1110 5631 1254 5700 recepta.

272 5735 332 5788 est.
370 5721 650 5801 Solunalzgrueber
687 5720 795 5798 plures
829 5722 1053 5785 distinctiones
1150 5723 1653 5804 lll.Quispossitjmnreituro
1689 5719 1823 5798 positivo
1846 5709 1879 5771 ad
