4042 6458
101 408 155 470 125
411 405 508 467 PARS
526 403 582 466 111.
603 400 653 466 DE
672 393 868 461 PERSONIS.
889 413 919 432 ··
944 389 1017 454 LlB.
1039 388 1091 450 tx.
1113 383 1162 448 DE
1182 386 1314 458 talete,
1334 384 1413 446 etc.
1681 379 1737 444 116

102 521 315 601 cuiuscunque
330 517 498 600 sclipionis
515 537 551 580 ac
571 525 662 578 secla
677 512 815 575 bominac
838 509 890 570 in·
948 517 1113 562 renoerser
1130 518 1163 561 ce
1178 500 1259 577 silpe
1274 495 1470 578 apostolique
1489 505 1597 556 contre
1616 495 1736 575 lapsuri,

103 622 201 682 ricem
225 621 501 684 somnolentum...
526 617 626 680 altero
650 623 693 675 est
718 619 840 673 arctum
866 616 895 668 et
948 601 1065 662 animes
1093 596 1186 660 ti'unc
1211 601 1304 660 lactine
1328 608 1414 660 tonte
1441 597 1668 677 porticuliire,
1697 597 1737 661 ils

105 723 292 802 impervium
319 721 433 781 secreti
461 717 582 798 sadus,
610 733 669 796 pisa
696 712 897 774 occultantur
949 708 1082 761 tramant
1110 698 1154 760 les
1175 699 1327 780 coeuplote
1353 695 1397 758 les
1423 699 1498 778 plus
1519 699 1608 761 noire
1635 709 1663 760 et
1695 701 1738 761 les

105 839 151 893 eo,
168 839 237 900 qua
251 821 286 884 in
298 818 477 902 bujusmotli
492 812 718 878 conventiculis
729 812 819 891 fiunt:
830 808 897 888 qui·
949 799 1022 880 plus
1038 800 1231 862 altestables.

106 921 164 983 bus
171 918 629 1002 proindeeasententiamerito
639 911 747 994 optari
755 917 895 992 potest...
985 899 1043 960 Les
1053 900 1215 978 prleeptes
1229 897 1390 961 nemorale
1401 917 1458 979 qtae
1471 898 1573 962 donne
1585 899 1616 962 lo
1626 901 1744 963 sociltl

108 1023 284 1084 «Honesta
309 1037 428 1100 semper
446 1017 577 1100 publica
602 1016 757 1096 pandent,-
780 1009 898 1073 scelera
952 999 1005 1060 des
1020 995 1198 1062 Carbottart'
1217 1017 1255 1058 nc
1271 1008 1343 1059 sont
1363 1015 1422 1078 pos
1444 1001 1544 1061 moins
1563 999 1740 1079 coupables,

105 1131 229 1184 secreta
248 1131 381 1184 sunit»
407 1121 501 1181 tertio
518 1126 564 1179 est
574 1114 814 1197 jusjurandum,
838 1128 899 1189 qno
953 1117 1067 1160 comme
1097 1098 1124 1159 lt
1146 1107 1307 1178 ttwuvtssl
1332 1115 1381 1160 ⁶²³
1407 1101 1516 1161 'timet
1549 1099 1741 1173 documenta,

106 1239 140 1280 se
162 1217 347 1302 hujumodi
370 1227 489 1280 secreta
507 1214 734 1277 inuiolabiliter
746 1206 898 1271 seruando
953 1197 1138 1280 quoiqts'ells
1153 1216 1185 1259 sc
1200 1207 1289 1260 nante
1303 1199 1481 1261 bautement
1491 1198 1634 1279 tl'eniper
1648 1199 1684 1261 ce
1695 1219 1743 1260 ses

107 1321 525 1397 seustrinpunt...,·quorta
545 1296 701 1394 est,quoei
721 1306 901 1389 huiusmodi
954 1307 1126 1360 teclatears
1154 1297 1248 1378 quite
1286 1298 1401 1359 aiment
1439 1307 1468 1359 el
1498 1299 1684 1378 pratipuent
1713 1298 1744 1358 la

108 1421 279 1480 societates
287 1436 351 1478 non
365 1419 469 1476 minus
481 1414 727 1493 ciuilibuspnam
741 1407 901 1472 canonicis
955 1399 1078 1462 aboriti
1090 1409 1118 1462 et
1134 1397 1177 1461 les
1200 1407 1307 1462 autres
1327 1411 1446 1475 cartus,
1470 1409 1500 1462 et
1522 1399 1746 1462 s'abstienneut

108 1518 327 1583 sanctionibus
342 1513 743 1597 tlipnoscuntur....·quinta
755 1519 809 1582 est,
820 1507 903 1588 quad
955 1499 993 1560 de
1009 1509 1076 1562 taut
1092 1502 1169 1562 aiae.
1184 1499 1277 1564 Ainsi
1298 1499 1355 1562 elle
1372 1501 1510 1583 sonorise
1536 1509 1744 1561 oueertenunt

106 1623 173 1701 iasa
196 1621 231 1681 in
247 1616 395 1698 pluribus
417 1613 599 1695 sepianibus
615 1619 789 1672 memorata
805 1609 904 1668 sacie-

110 1730 192 1780 tates
210 1729 240 1779 et
255 1717 494 1796 apprepationes
513 1713 708 1775 sacstlarium
722 1709 904 1790 principum

111 1819 234 1899 lapibus
247 1818 535 1898 proscriptumque
551 1814 717 1875 eliminata
729 1813 900 1892 suerunt...

114 1925 228 1986 Verum
246 1923 339 1983 etiam
359 1937 417 1980 nos
432 1919 507 1998 ipsi,
526 1934 586 1996 pro
609 1915 790 1996 apostolica
811 1911 903 1973 solli·

111 2020 266 2084 citsedinis
282 2019 398 2100 officia,
413 2016 621 2099 presentibus
636 2014 755 2076 nostris
775 2011 903 2084 litteris,

113 2121 343 2184 rotboliccrum
375 2117 573 2198 principum,
593 2117 789 2192 omniumque
808 2129 906 2172 sacu-

114 2224 233 2284 larium
259 2229 452 2302 potestatum
481 2235 569 2298 opem
616 2213 833 2292 auotttuuqoe
865 2209 906 2271 ati

111 2323 348 2404 premissorum
371 2319 514 2400 effectum
539 2317 731 2390 invocamus,
756 2320 786 2373 el
813 2312 905 2373 enixo

114 2422 223 2484 studio
240 2421 431 2500 requirimus
438 2437 449 2488 ,·
467 2435 537 2479 cum
551 2416 615 2495 ipsi
632 2414 772 2494 supremi
781 2410 907 2491 princi-

114 2539 171 2601 pes
185 2529 213 2581 et
227 2527 400 2600 potestates
415 2515 506 2577 electi
526 2515 591 2575 sint
608 2531 628 2574 a
644 2514 708 2574 Deo
728 2509 906 2587 defensores

115 2621 202 2699 pelei,
213 2618 419 2697 Ecclesioeque
434 2623 647 2696 protectorem
658 2609 787 2689 ideaque
802 2623 907 2668 earum

117 2737 233 2779 munus
249 2719 294 2780 sit
315 2717 438 2779 idoneis
455 2715 626 2794 quibusque
645 2709 823 2772 rationibus
842 2707 908 2787 effi-

118 2837 202 2892 cere,
217 2825 254 2878 ut
268 2814 453 2896 apostolicis
477 2810 756 2876 constitutionibus
772 2807 908 2870 debitum

120 2916 313 2996 obsequium,
330 2924 360 2974 et
375 2912 550 2975 omnimoda
564 2909 763 2972 obseruantia
778 2913 907 2986 proesta-

119 3029 193 3084 tnr;
210 3013 348 3096 queatis
364 3013 398 3074 in
408 3014 585 3072 memoriam
601 3014 826 3070 reuocauerunt
839 3004 911 3066 Tri·

119 3114 259 3176 dentiae
273 3110 386 3191 spondi
399 3111 508 3172 Patres
523 3127 599 3181 sess.
613 3108 663 3178 25,
684 3123 712 3168 c.
726 3106 776 3176 ab,
797 3103 912 3164 multo·

120 3234 179 3294 que
192 3223 285 3275 anteo
303 3211 422 3292 eprepie
439 3210 650 3272 declaraverat
660 3207 832 3286 imperatos·
847 3205 910 3268 Ca-

119 3307 911 3392 ratusblapnussuorumCopilulariunstit.aab...

163 3415 195 3475 ³.
217 3413 291 3476 Pius
309 3413 364 3473 vtt
381 3430 437 3492 per
456 3428 546 3473 suasu
563 3409 838 3480 constitutionem,
853 3407 913 3467 lic·

957 1600 985 1661 le
1001 1601 1119 1682 plaisir
1134 1601 1187 1661 des
1208 1621 1296 1670 sens.-
1313 1602 1398 1663 ainsi
1423 1600 1481 1662 elle
1503 1601 1646 1679 cuseipne
1670 1601 1746 1680 pu'il

958 1710 1002 1762 est
1020 1703 1139 1781 peratis
1162 1702 1199 1762 tie
1219 1710 1289 1762 tues
1313 1719 1392 1762 cena
1413 1702 1469 1781 pul
1491 1701 1694 1762 riolleroient
1718 1699 1746 1760 le

957 1801 1747 1882 secretbontnousaoonsparle‘plusbaut,·etauoi·

958 1919 1016 1982 pue
1030 1901 1149 1970 Pierre,
1161 1900 1307 1982 leprinre
1316 1899 1369 1962 des
1382 1903 1522 1980 apbtres,
1531 1899 1745 1962 recommendo

958 2019 1024 2062 aun
1041 2002 1203 2064 Cbrltiens
1218 2000 1255 2062 cie
1269 2019 1302 2062 se
1318 2012 1500 2076 snumettrc,
1520 2019 1602 2082 pour
1618 2002 1710 2072 Ilien,
1728 2001 1747 2061 cl

959 2101 1746 2182 totitecrlcturelanmaincqu'ilaltablieau-dessus

958 2200 1064 2273 baua,
1086 2203 1148 2264 soit
1169 2221 1210 2263 au
1236 2203 1298 2277 rai,
1325 2221 1438 2264 comme
1459 2203 1543 2264 ltant
1567 2203 1593 2264 ie
1609 2206 1749 2283 presnt'er

959 2306 1037 2366 dans
1050 2305 1158 2376 l’Etot,
1176 2305 1235 2364 soit
1251 2323 1317 2365 aum
1327 2303 1520 2381 mapistrats,
1538 2321 1650 2363 comme
1664 2304 1748 2365 ltont

961 2405 1004 2466 les
1026 2404 1155 2482 encopls
1172 2403 1214 2466 tiu
1231 2406 1293 2479 roi,
1310 2414 1392 2473 etc.,·
1410 2415 1438 2466 et
1455 2404 1587 2482 quoique
1613 2402 1746 2484 l'apbtre
1807 2451 1812 2460 .

960 2504 1042 2564 saint
1058 2502 1138 2564 Paul
1152 2503 1291 2564 ardenne
1304 2521 1362 2584 pue
1378 2512 1446 2565 tout
1460 2503 1577 2565 bamma
1599 2507 1661 2566 soit
1676 2523 1749 2565 sou·

960 2605 1018 2666 mis
1042 2623 1108 2665 aisn
1130 2604 1314 2682 puissoncee
1333 2602 1407 2683 plns
1431 2604 1553 2679 lleoles,
1579 2604 1749 2683 cependant

962 2711 1038 2765 cette
1048 2704 1164 2766 sociltl
1171 2705 1313 2784 enseipne
1324 2703 1401 2784 qu'il
1416 2716 1460 2766 est
1468 2707 1584 2784 permis
1600 2704 1749 2768 ‹l'aacitcs

962 2803 1015 2864 clas
1030 2803 1164 2867 rlooltes
1171 2821 1258 2884 pour
1272 2804 1494 2884 dipouillerde
1506 2807 1573 2866 teos·
1585 2805 1750 2884 puissance

964 2907 1006 2968 les
1030 2906 1098 2966 rois
1117 2915 1147 2966 et
1169 2914 1240 2966 tous
1259 2923 1340 2966 cecc
1354 2906 1409 2985 qui
1423 2905 1647 2979 eonamantieut,
1672 2925 1751 2966 aun·

963 3007 1048 3092 qssels
1069 3007 1126 3070 elle
1144 3007 1244 3069 donne
1261 3008 1287 3070 le
1302 3025 1373 3069 nom
1396 3008 1561 3090 injuriasse
1575 3008 1612 3070 aa
1629 3019 1749 3086 tprons.

1007 3108 1076 3171 Tele
1100 3117 1172 3171 sont
1195 3108 1239 3169 les
1263 3107 1386 3189 dopmes
1410 3117 1440 3170 et
1464 3109 1506 3170 les
1528 3110 1689 3188 pre'ceptes
1715 3105 1750 3167 de

965 3220 1043 3273 cette
1058 3209 1174 3272 soeiltl
1176 3255 1236 3272 .....
1253 3209 1341 3272 Nous
1353 3225 1492 3288 pensons
1512 3225 1582 3286 que,
1599 3207 1676 3269 dans
1691 3225 1751 3268 une

966 3328 1058 3372 coisse
1072 3310 1101 3370 si
1114 3327 1222 3388 prave,
1239 3307 1263 3370 il
1276 3327 1356 3369 nous
1372 3317 1418 3369 est
1433 3306 1610 3387 impossible
1622 3306 1658 3368 de
1674 3325 1752 3368 senus

966 3411 1107 3472 abstenir
1121 3409 1157 3470 tle
1174 3409 1329 3488 reprimet
1344 3409 1388 3470 les
1403 3405 1512 3489 efforts
1529 3409 1694 3488 sucrilipes
1714 3407 1752 3469 tie

121 3512 251 3576 alesiam
271 3531 291 3572 a
312 3513 389 3574 lesu
404 3510 543 3584 cbristo,
568 3511 606 3571 1³
637 3509 798 3587 Septemb.
816 3507 911 3581 teet,
969 3521 1047 3574 cette
1065 3509 1216 3572 soeiltl...

123 3615 237 3676 eadem
252 3609 587 3674 excommunicatione
599 3611 669 3688 ipsa
692 3611 775 3690 sueto
801 3610 912 3671 isacus·
1005 3611 1057 3672 En
1071 3611 1403 3691 consequence..'.naus
1415 3607 1623 3671 condemnans
1640 3618 1667 3670 et
1679 3627 1754 3688 pro-

124 3714 224 3777 ceuda
242 3720 273 3774 et
286 3719 402 3773 sanctie
418 3709 489 3771 sedi
508 3718 666 3770 reservata
682 3706 826 3786 percellit
838 3707 915 3769 Car·
967 3709 1117 3772 bibone...
1139 3709 1170 3771 io
1183 3709 1304 3770 insolite
1318 3707 1435 3769 sociltl
1454 3707 1506 3769 ales
1525 3707 1752 3771 carbonara...

123 3813 261 3874 bassanus
276 3827 333 3872 seu
349 3807 517 3872 corbonori
530 3806 588 3887 qui
601 3805 834 3869 contendebant
850 3820 913 3868 nou
968 3824 1015 3867 ses
1031 3805 1216 3887 oppilatione
1233 3815 1261 3868 et
1277 3805 1559 3872 occumbentes...
1584 3825 1632 3866 ses
1647 3805 1753 3879 liores,

124 3928 198 3974 essa
220 3909 382 3990 subjectos
400 3907 503 3987 pmnis
527 3906 775 3986 praecedentium
793 3905 916 3968 consti·
969 3916 1097 3979 statute,
1112 3905 1242 3970 codes...
1258 3909 1323 3970 soit
1347 3907 1518 3987 imprimis,
1539 3909 1602 3971 soit
1626 3925 1756 3969 mansos·¹

124 4011 307 4082 tatianum
323 4016 356 4071 et
371 4009 500 4071 demutet
524 4023 636 4070 aarum
661 4005 775 4078 libros,
800 4012 916 4068 statuta
969 4009 1100 4070 crite...

125 4116 158 4172 et
173 4108 293 4184 scripta
314 4120 519 4186 quecunque
542 4111 573 4166 et
597 4102 744 4182 probibet
763 4101 915 4166 omnibus
1003 4107 1300 4188 Sequuntur‘poenm
1311 4105 1593 4171 contradamnatns
1604 4112 1754 4170 eteorum
1836 4162 1841 4175 .

126 4203 278 4270 fidelibus
297 4205 408 4268 eadem
432 4199 549 4282 scripta
571 4200 678 4284 legera
701 4201 751 4265 vel
777 4199 915 4264 retinere
969 4206 1124 4270 tantares,

99 4351 101 4356 -
126 4307 191 4371 sub
218 4305 329 4369 eadem
357 4302 698 4368 excommunicationis
724 4300 917 4380 [11111111-
1009 4306 1040 4369 1.
1056 4307 1088 4368 S.
1101 4304 1249 4367 Pontifex
1262 4305 1327 4367 Len
1340 4305 1413 4379 1111,
1427 4321 1483 4384 per
1496 4321 1587 4368 suam
1602 4307 1758 4369 constitn-

127 4404 367 4479 taceareurobat
376 4403 868 4476 eurumdoctrinau1,etaostcam
876 4397 916 4461 de
971 4405 1090 4468 tionem
1106 4404 1173 4480 Quo
1187 4405 1348 4482 praviora,
1365 4401 1417 4465 die
1432 4403 1470 4464 13
1485 4401 1589 4466 Martii
1604 4405 1681 4468 1816
1698 4405 1755 4466 da·

130 4516 288 4588 potestate
310 4507 399 4570 cirili
413 4507 575 4570 coatirmet
592 4507 623 4568 in
637 4505 688 4567 bis
710 4505 828 4581 serbis,
845 4520 919 4584 qun
971 4513 1045 4577 tam,
1070 4503 1246 4577 confirmat,
1274 4504 1398 4566 roborat
1420 4508 1451 4565 et
1482 4503 1613 4565 innovat
1643 4519 1755 4566 onustes
1859 4532 1862 4539 ·

127 4610 169 4672 de
186 4606 306 4672 Gallica
336 4607 536 4669 tractus-tinne
551 4605 675 4668 deiectu
694 4605 798 4667 Latini
811 4611 916 4668 textus
973 4607 1185 4685 [comoedentes
1199 4603 1457 4679 constitutiones,
1472 4611 1502 4666 et
1523 4603 1563 4667 da
1581 4621 1662 4667 noro
1681 4621 1756 4683 pru·

128 4709 399 4770 transcribimus:
420 4705 475 4768 les
495 4707 662 4770 carbonara·
676 4715 705 4766 et
720 4707 804 4768 leurs
822 4705 917 4768 tiores
972 4706 1060 4769 hibet
1090 4711 1121 4768 et
1153 4705 1299 4785 reprobat
1326 4720 1439 4767 omnes
1474 4713 1537 4768 tam
1582 4715 1755 4784 pirmsentes

129 4811 185 4862 ont
213 4802 475 4883 principalement
501 4819 586 4880 pour
616 4803 671 4863 but
694 4801 732 4862 oe
756 4820 918 4882 prapaprr
975 4821 1071 4885 qssam
1087 4803 1213 4866 intucas
1228 4803 1397 4866 societates
1413 4804 1586 4878 clanculae,
1608 4823 1757 4884 quocun·

128 4899 354 4980 l’indifflrenee
368 4920 406 4962 en
418 4901 545 4963 muttire
568 4903 603 4962 tie
628 4902 774 4980 sclipion,
797 4901 824 4962 le
843 4900 918 4981 plus
972 4924 1035 4987 qua
1049 4903 1179 4967 nomine
1196 4911 1407 4983 nusuopatas
1424 4907 1484 4966 sub
1499 4905 1614 4969 iisdem
1630 4924 1759 4970 excucu-

128 5003 315 5083 danpereun
329 5003 366 5064 cle
381 5013 451 5064 taus
467 5005 510 5066 les
525 5004 688 5084 apollines.-
706 5003 743 5066 cle
766 5003 919 5065 dannerb
974 5001 1198 5066 manicationis
1217 5011 1385 5065 reservatae
1401 5003 1514 5082 somatis.

129 5104 253 5164 abacum
269 5103 300 5163 la
315 5102 428 5164 liberte
439 5101 567 5163 absolue
591 5104 626 5165 de
644 5117 675 5162 se
697 5103 778 5182 [aire
794 5121 855 5164 unc
869 5121 919 5164 re·
1010 5103 1042 5165 1.
1059 5103 1200 5166 Tandem
1216 5103 1268 5165 SS.
1286 5105 1376 5165 Pater
1390 5102 1467 5165 Pius
1483 5104 1529 5167 lX
1547 5103 1686 5167 feliciter
1709 5122 1759 5167 re-

130 5203 370 5281 lipionsuioant
392 5204 628 5283 respencbcnts
646 5210 674 5262 et
697 5219 745 5262 ses
770 5200 866 5270 tuem
883 5201 920 5262 tle
973 5217 1086 5282 gnatis,
1112 5208 1143 5262 at
1170 5217 1266 5280 quem
1297 5203 1383 5263 Deus
1409 5201 1467 5264 eliu
1493 5201 1646 5281 sospitem
1676 5203 1760 5266 istter

130 5301 287 5380 prosamr
309 5309 338 5360 et
359 5299 395 5362 cle
411 5300 544 5362 souiller
568 5298 599 5359 la
621 5300 757 5362 Pession
776 5299 818 5361 clu
840 5300 920 5362 Sau-
973 5300 1189 5362 antecissimas
1205 5299 1436 5362 etinuumerus
1454 5301 1618 5380 angustias
1641 5310 1758 5372 servat,
1868 5287 1878 5299 “

130 5415 211 5460 oeus·
239 5415 302 5479 pas·
320 5399 556 5478 quelques-unes
582 5399 620 5460 de
647 5398 732 5460 leurs
754 5399 919 5478 coupables
975 5397 1171 5462 costsscmavit
1184 5406 1215 5462 et
1230 5397 1514 5463 roboratitomnas
1529 5416 1664 5463 suorum
1681 5419 1761 5480 pcae-

130 5497 338 5566 clrlmanies:
366 5496 403 5558 cls
428 5498 579 5578 mlpriser
601 5499 645 5560 les
669 5507 856 5560 accrementa
883 5499 920 5560 ele
975 5498 1180 5572 decessorum
1208 5496 1456 5562 constitutiones
1485 5507 1595 5562 contra
1618 5499 1760 5579 paulatus

132 5595 264 5676 l'lialiss
275 5596 439 5676 (uunquels
450 5597 489 5658 ils
502 5599 681 5678 paruissent
697 5615 733 5660 en
747 5598 922 5659 substituer
976 5596 1144 5659 societates
1156 5596 1270 5670 editas,
1280 5606 1311 5659 et
1325 5597 1365 5662 da
1381 5615 1465 5662 ttavo
1476 5599 1637 5664 damnavit
1649 5618 1761 5662 eentum

96 5703 108 5724 ·
130 5693 355 5773 quelques-uses
371 5695 510 5756 iacentes
530 5713 591 5773 por
608 5697 682 5773 esce)
709 5704 739 5756 et
761 5695 853 5755 mtme
878 5695 920 5756 les
977 5695 1153 5760 doctrinam
1170 5697 1255 5762 sicut
1270 5709 1300 5761 at
1316 5698 1530 5763 eommunismt'
1545 5708 1576 5762 et
1590 5700 1761 5762 socialismi

131 5794 283 5874 mpste'res
299 5794 335 5855 de
359 5794 858 5875 1111119111εαιιιοιῑφιωσηῄη
884 5795 920 5858 tle
978 5813 1115 5872 erraras,
1150 5779 1205 5878 pac
1229 5815 1321 5864 snam
1347 5800 1581 5880 sacratisima
1604 5799 1759 5863 Nouanus.

294 5897 629 5960 teuscusouceutt.
1409 5905 1480 5916 ''
1604 5905 1641 5966 il
