4042 6458
315 397 369 466 us
408 374 413 382 '
829 389 943 454 auara
960 383 1142 451 chuonrat
1159 382 1423 448 courauoruu.
1886 383 1925 450 aa
1983 407 1984 456 r

317 511 428 576 missa.
457 510 562 589 Atque
590 506 697 586 ipsum
719 502 934 584 principatum
952 505 1103 565 constan-
1160 499 1313 563 studium¹
1341 507 1373 562 et
1400 513 1490 561 amor
1516 500 1662 561 nostrum
1700 492 1823 558 lenibat
1855 498 1925 564 dola·
1983 487 1984 576 l

317 621 364 672 ter
392 613 532 679 tuentes,
549 602 691 686 protiteri
711 609 743 667 et
759 601 876 666 docere
892 598 1022 680 gloriati
1051 614 1106 668 as·
1160 615 1239 674 rem,
1261 614 1343 663 nora
1363 598 1497 662 aliunde
1517 594 1656 659 tristitie
1682 594 1820 658 accessit
1840 612 1915 662 caum
1983 579 1984 672 l

317 711 376 783 tis,
409 707 553 771 camdem
585 701 744 784 singulari
771 701 892 766 diuinae
924 701 1015 765 illius
1037 715 1108 764 om·
1159 700 1270 782 ltaque
1293 699 1351 764 has
1368 700 1457 764 robis
1483 698 1657 763 scribimus
1687 695 1830 771 litteras,
1852 705 1882 760 ut
1901 701 1925 766 in

291 811 372 878 ,tria
417 805 557 886 regentis
586 820 626 866 ac
659 802 855 868 moderantis
892 798 1107 866 Providentiae
1161 801 1239 864 mati
1278 800 1434 864 momenti
1474 816 1508 864 re
1557 798 1657 864 animi
1693 797 1797 860 nostri
1833 815 1925 866 sensus
1983 777 1984 800 ¹

318 908 458 974 consilio
477 907 586 968 alatum
600 903 706 968 luisse
731 905 876 968 Romano
897 901 1054 982 pontifici,
1072 907 1108 964 ut
1163 901 1252 966 robis
1275 902 1436 982 imprimis
1464 902 1572 965 denuo
1601 897 1766 963 notissimi
1785 900 1855 962 sint.
1877 903 1926 964 ltu·

318 1011 390 1090 ipso
422 1006 505 1070 nulli
533 1005 623 1069 civili
649 1005 796 1085 potestati
833 1020 974 1085 uuquam
998 1001 1109 1081 subje—
1163 1019 1230 1082 pcr,
1245 1003 1516 1083 quemadmodum
1533 1000 1642 1082 piures
1659 1017 1700 1064 ex
1720 998 1926 1080 robisjamno

319 1119 390 1173 ctus
424 1123 612 1187 supremum
640 1105 810 1185 apostolici
837 1103 1013 1168 ministerii
1038 1120 1108 1166 mu·
1163 1103 1278 1178 verint,
1298 1121 1353 1182 per
1369 1103 1567 1168 parisienses
1582 1099 1926 1180 ephemeridas,quibns

320 1227 382 1274 uus
403 1209 466 1270 sibi
487 1207 530 1270 ab
544 1208 617 1287 ipso
636 1205 765 1271 Christo
788 1206 928 1270 Domina
946 1205 1108 1269 divinitus
1163 1203 1278 1268 titulus
1294 1205 1467 1279 hostileter,
1508 1201 1636 1283 vulgata
1678 1199 1745 1262 luit
1785 1200 1925 1266 Gallorum

321 1311 529 1374 coarmissum
557 1307 747 1388 plenissima
779 1309 936 1384 libertate,
969 1323 1006 1372 ac
1036 1307 1108 1370 siae
1163 1300 1366 1380 imperatoris
1397 1300 1533 1382 epistola
1557 1299 1760 1382 quanestris
1788 1303 1927 1378 respondit

321 1411 390 1478 ullo
422 1408 655 1489 impedimento
684 1408 719 1472 in
767 1411 959 1473 universum
998 1408 1109 1472 orbem
1163 1400 1293 1477 litteris,
1334 1401 1456 1482 quibus
1507 1399 1710 1482 imperialem
1758 1398 1925 1481 majestatem

321 1519 478 1575 exerceat.
506 1513 609 1590 Atque
626 1511 720 1574 nabis
744 1510 927 1574 charissimi
946 1509 1110 1574 catholiam
1156 1519 1255 1566 auam
1270 1503 1360 1566 omai
1391 1502 1501 1567 stadio
1525 1501 1725 1583 rogavimus,
1753 1508 1789 1564 ut
1826 1502 1926 1566 ualidis·

322 1610 474 1674 Ecclesia
489 1608 545 1672 hlii
565 1608 681 1672 restris
709 1609 824 1678 imbuti
852 1609 1019 1680 doctrinis,
1057 1626 1111 1672 re·
1164 1603 1248 1666 simo
1274 1617 1336 1666 suo
1376 1603 1556 1684 patrocinio
1594 1602 1630 1666 iu
1665 1601 1841 1666 Parisiensi
1866 1621 1925 1668 coa·

319 1719 455 1791 atroque
481 1711 600 1774 eximio
634 1708 782 1790 exemplo
819 1707 947 1772 excitati
979 1708 1110 1772 eosdem
1165 1719 1279 1784 gressu
1293 1705 1451 1786 integram
1465 1712 1498 1790 et
1511 1703 1737 1769 inviolabilem
1750 1706 1925 1780 temporalem
1983 1771 1984 1774 ,

323 1831 440 1878 sensus
462 1813 555 1877 nobis
573 1812 685 1877 testari
715 1829 922 1892 summopere
949 1816 1112 1876 certarunt
1166 1810 1366 1868 nostramet
1398 1803 1497 1886 hujus
1523 1811 1640 1868 sancta
1672 1800 1763 1866 sedis
1797 1801 1925 1866 ditionem

323 1921 355 1976 ei
401 1921 534 1977 certant.
570 1915 717 1994 Namque
732 1930 773 1975 ex
811 1911 962 1975 omnibus
1013 1911 1111 1974 totius
1166 1901 1264 1979 itterl,
1291 1902 1616 1986 illamqueaneiaria
1647 1901 1824 1966 rebellione
1845 1904 1926 1966 tiutll·

323 2013 472 2078 catholici
514 2013 602 2078 orbis
639 2012 828 2094 regionibus
858 2009 1112 2076 innumerabiles
1167 2019 1239 2068 care
1260 2003 1522 2069 valleaflacsua
1545 2003 1684 2084 epistola
1720 2019 1859 2066 summus
1879 2002 1925 2066 lm·

323 2128 405 2190 pene
420 2111 604 2191 accepimus
624 2116 695 2174 tum
720 2109 1012 2174 ecclesiasticorum
1045 2115 1113 2172 tum
1168 2112 1308 2185 parator,
1356 2120 1609 2170 commemorans
1651 2103 1816 2185 quoddam
1853 2119 1927 2167 suum

322 2209 478 2274 laicorum
506 2211 849 2292 haminamcujusquc
876 2211 1115 2292 dignitatisor·
1168 2205 1343 2271 consilium
1376 2206 1471 2286 paulo
1508 2214 1583 2271 ante
1624 2205 1721 2270 nobis
1758 2206 1926 2286 propositam

323 2309 557 2391 dials‚gradas
586 2319 617 2375 et
639 2311 836 2376 conditionis
863 2311 986 2376 litteras
1016 2311 1113 2375 etiam
1168 2309 1209 2372 de
1243 2307 1421 2373 rebellibus
1463 2307 1634 2389 pontilicim
1678 2307 1927 2371 nostreditioris

322 2429 341 2475 a
373 2412 520 2476 centenis
563 2413 800 2478 catholicorum
841 2413 987 2478 millibus
1033 2412 1113 2476 sub-
1169 2410 1346 2491 proviaciis
1374 2410 1468 2473 nobis
1483 2409 1598 2474 suadet
1627 2415 1663 2473 ut
1684 2409 1860 2473 earumdem
1874 2425 1927 2488 pro·

324 2513 471 2592 scriptas,
496 2514 616 2594 quibus
653 2515 716 2594 ipsi
747 2513 876 2578 tillalem
908 2531 999 2580 suam
1040 2529 1115 2595 erga
1170 2510 1349 2576 vinciarum
1369 2509 1570 2592 possessioni
1595 2509 1782 2574 renuntiare
1807 2509 1926 2582 retinas,

324 2630 397 2690 uos,
426 2622 458 2678 et
488 2614 571 2678 banc
596 2614 882 2679 PetriCathedram
909 2616 1115 2681 devotionem
1170 2612 1288 2676 cumei
1310 2611 1457 2676 rideatur
1481 2611 1541 2674 hoc
1585 2617 1712 2674 tantum
1754 2611 1840 2673 modo
1868 2627 1926 2689 pra

324 2729 361 2776 ac
391 2713 832 2780 venerationemluculenter
860 2718 1058 2794 corrbrmant,
1085 2726 1114 2782 et
1170 2705 1255 2777 se'ati
1280 2729 1389 2776 rerum
1414 2711 1650 2793 perturbationi
1690 2727 1785 2792 possa
1819 2711 1924 2776 mederi.

327 2813 551 2890 rebellionem,
565 2832 731 2897 aususque
755 2815 789 2878 in
812 2816 980 2880 nonnullis
995 2820 1115 2884 uostris
1170 2815 1319 2895 Quisque
1365 2820 1521 2890 restrum,
1571 2813 1775 2878 venerabiles
1826 2810 1924 2886 iratres,

326 2913 502 2996 proviaciis
529 2913 688 2978 admissos
722 2915 929 2979 vehementer
952 2917 1115 2982 detestaa·
1170 2917 1291 2996 optima
1326 2914 1492 2994 iutelligit,
1533 2929 1593 2979 nos
1637 2911 1819 2994 gravissimi
1853 2909 1924 2974 allici

327 3021 387 3090 tes,
422 3009 505 3076 beati
531 3014 614 3076 Petri
641 3014 869 3093 patrimonium
903 3017 1037 3083 omuino
1065 3018 1117 3083 ia·
1171 3014 1273 3080 nostri
1298 3030 1457 3078 memores
1482 3013 1567 3078 haud
1590 3012 1846 3095 potuissesilere
1871 3027 1924 3072 aun

327 3121 452 3194 tagram
483 3111 742 3195 inviolatumque
771 3115 981 3192 serrandum,
1019 3125 1115 3202 atqua
1171 3114 1357 3197 hujusmodi
1409 3113 1579 3195 epistolam
1624 3113 1818 3194 accepimus.
1852 3111 1922 3178 llirc,

327 3211 368 3274 ab
388 3210 477 3274 omni
503 3209 624 3292 injuria
659 3211 904 3277 defendendum
932 3232 1006 3281 esse
1035 3235 1114 3284 con·
1171 3213 1261 3278 nulla
1280 3213 1470 3296 interposita
1494 3229 1599 3290 mora,
1628 3213 1737 3278 eidem
1774 3210 1923 3291 imperatori

329 3312 490 3388 tendunt,
522 3328 562 3375 aa
580 3311 702 3393 quibus
720 3313 856 3394 iusuper
880 3331 946 3380 noa
969 3318 1062 3398 pacat
1081 3318 1116 3384 id
1171 3313 1349 3381 rescribere
1376 3315 1635 3396 properavimus,
1658 3312 1827 3394 apostolica
1851 3311 1924 3374 acini

281 3479 284 3489 Δ
328 3411 435 3492 ipsum
477 3409 615 3492 vulgatis
657 3411 805 3492 apposite
843 3415 984 3495 scriptis,
1025 3419 1117 3486 dlicta
1172 3415 1273 3480 nostri
1290 3415 1436 3480 libertate
1459 3411 1924 3496 clareapertequedeolaraatcs,

328 3509 556 3591 sapienterque
582 3527 763 3578 asseruere.
791 3515 872 3590 Qum
887 3516 1045 3594 preclara
1061 3535 1114 3582 re·
1173 3517 1264 3580 nullo
1290 3516 1383 3596 plane
1402 3516 1497 3580 modo
1519 3531 1579 3580 uos
1606 3531 1700 3596 posse
1720 3515 1788 3596 eJ'us
1810 3527 1922 3577 aaausm

329 3619 415 3686 strae,
430 3627 466 3674 ac
481 3609 627 3675 lidelium
642 3611 905 3692 significationes,
924 3616 1012 3679 omni
1031 3629 1116 3682 corte
1172 3619 1322 3694 oonsilio,
1355 3627 1521 3699 propterea
1547 3621 1634 3700 quod
1654 3616 1923 3698 insuperabitaprc

330 3709 424 3774 lauda
438 3727 474 3774 ac
491 3711 716 3790 predicatione
743 3712 945 3789 decoranda,
963 3723 994 3779 et
1008 3719 1117 3782 aureis
1172 3738 1206 3782 ss
1219 3722 1301 3802 [erat
1325 3717 1529 3800 difficultates
1557 3719 1684 3782 ratione
1711 3717 1813 3781 tabita
1836 3725 1923 3776 nostra

330 3811 414 3872 rantis
445 3808 478 3871 in
506 3809 669 3875 catholice
711 3811 864 3875 Ecclesiae
890 3813 981 3878 lastis
1003 3815 1119 3880 iuscri-
1173 3822 1311 3903 etbuJ'us
1328 3828 1443 3883 sauata
1474 3818 1558 3883 sedis
1592 3817 1923 3899 sanctissimorumque

330 3910 443 3972 baridos
462 3911 507 3974 ita
533 3927 592 3974 nos
620 3921 873 3988 commoverunt,
903 3919 938 3976 ut
959 3932 1023 3979 non
1058 3933 1117 3996 po·
1172 3922 1257 3984 sacri
1272 3922 1473 3995 characteris,
1505 3927 1598 3998 atque
1637 3918 1774 4000 ejsudem
1796 3914 1921 3995 redisjo·

329 4010 489 4074 lacrimas
516 4029 580 4074 non
606 4013 674 4073 lactc
708 4015 885 4076 exclamare
905 4015 1117 4081 :benedictus
1171 4023 1257 4084 rium
1280 4038 1347 4100 quae
1377 4037 1442 4082 aaa
1470 4017 1513 4081 ud
1537 4017 1799 4099 alicujusrapaiis
1826 4013 1923 4096 [astilia

329 4111 413 4170 Deus
432 4110 574 4172 stPater
608 4112 736 4174 Domini
756 4115 861 4175 austri
886 4115 962 4178 Iesu
998 4117 1118 4183 Christi
1173 4119 1410 4191 successionem,
1436 4115 1545 4180 esdod
1565 4133 1668 4178 orasse
1685 4113 1852 4179 Catholicae
1868 4129 1922 4192 par·

331 4209 430 4272 Pater
446 4210 734 4274 misericordiarum
759 4222 789 4274 et
806 4214 889 4276 Deus
918 4219 1016 4280 totius
1041 4237 1117 4282 coa·
1175 4224 1286 4296 timeat,
1316 4237 1353 4284 ac
1377 4219 1475 4283 simul
1494 4215 1629 4298 professi
1644 4233 1760 4280 sunaus
1780 4234 1837 4277 aaa
1853 4229 1921 4293 posu

329 4311 507 4384 solatiaris,
524 4313 578 4392 qui
593 4315 777 4378 consolatur
789 4334 846 4377 uos
874 4318 908 4380 io
939 4320 1025 4382 omui
1055 4323 1117 4385 tri·
1173 4340 1230 4404 per
1257 4340 1313 4383 aas
1332 4319 1401 4383 cedi
1415 4317 1649 4399 quoduostrum
1661 4328 1788 4391 nonest,
1807 4334 1839 4376 oe
1852 4311 1920 4392 plara

330 4411 490 4475 iulatione
525 4422 647 4479 nostra.
671 4415 755 4479 Nihil
782 4417 868 4480 enirn
903 4419 996 4482 nobis
1033 4421 1119 4487 inter
1174 4421 1307 4484 amabis
1337 4419 1473 4500 iutellipi
1510 4420 1689 4496 victoriam,
1718 4437 1783 4500 qua
1819 4413 1921 4478 AEailta

329 4511 534 4590 gravissimas
567 4513 687 4593 quibus
733 4515 920 4593 premimur,
953 4519 1118 4599 augustias
1173 4522 1387 4604 perduellibus
1412 4518 1541 4582 comoedi
1563 4519 1665 4593 uellet,
1700 4519 1819 4582 stimulo
1853 4517 1920 4596 [otu-

273 4601 298 4654 ἴ
329 4608 465 4686 gratius,
489 4611 570 4673 nihil
592 4612 770 4692 jucundius
802 4613 950 4697 nihilque
977 4619 1117 4698 optatius
1173 4642 1242 4685 rum
1269 4623 1437 4702 iadipeuis,
1458 4621 1637 4701 ceterisque
1665 4620 1798 4683 otiorum
1821 4615 1921 4696 procia·

330 4726 401 4772 esse
420 4719 553 4789 poterat,
573 4728 668 4792 qoam
687 4715 806 4778 intueri
833 4732 900 4797 quo
931 4719 1120 4782 concordis·
1174 4723 1295 4784 ciarum
1321 4719 1598 4801 perturbatoribus
1625 4719 1666 4781 od
1686 4709 1920 4798 sadempotraada

331 4807 413 4872 simo
440 4818 536 4892 atque
551 4811 733 4877 admirabili
767 4816 877 4881 studio
916 4833 973 4882 ros
1005 4837 1118 4886 omnes
1174 4840 1243 4884 som
1287 4829 1450 4882 cernerent
1491 4837 1679 4900 prosperum
1718 4821 1920 4901 tortorumque

332 4909 534 4973 venerabiles
547 4910 672 4988 iratres,
700 4917 739 4978 ad
760 4915 858 4996 hujus
889 4928 1005 4984 sancta
1032 4922 1118 4985 sedis
1174 4919 1342 4984 rebellibus
1388 4921 1596 5000 comtiuperet.
1632 4924 1736 5001 Atque
1770 4920 1844 4981 inter
1873 4911 1917 4974 alia

326 5008 401 5088 jura
420 5013 554 5074 tutanda
582 5012 715 5106 animati
743 5022 775 5077 et
803 5016 929 5078 incensi
973 5019 1065 5095 estis,
1087 5029 1119 5084 et
1174 5024 1277 5086 eidem
1305 5020 1492 5101 imperatori
1515 5018 1756 5084 manifestamus
1784 5028 1918 5093 corporae

330 5126 394 5188 qud
410 5111 538 5191 egregia
569 5111 730 5178 voluntate
745 5115 882 5191 fideles,
908 5136 992 5183 aurae
1007 5129 1120 5184 vestrm
1172 5139 1229 5182 mos
1251 5129 1502 5182 commemoratas
1514 5111 1917 5200 pontificioeaostraditiaais

330 5211 437 5273 traditi
466 5212 501 5275 ia
530 5213 671 5292 idipsum
698 5217 894 5296 conspirant,
917 5235 953 5281 aa
981 5238 1038 5301 per
1062 5241 1118 5287 ros
1174 5217 1351 5284 iuAEmitia
1366 5220 1549 5297 prouincias
1576 5217 1732 5295 abdicare,
1755 5212 1918 5299 quiardm·

330 5311 393 5392 ipsi
421 5313 470 5376 vel
503 5313 598 5378 facile
612 5317 805 5396 cogitatione
821 5317 953 5400 assequi
984 5323 1118 5401 potestis
1173 5322 1241 5396 uia,
1279 5319 1393 5400 quibam
1438 5319 1585 5382 obstricti
1624 5341 1742 5393 sumus,
1772 5319 1917 5400 incorrecta

329 5429 426 5492 qaam
447 5415 654 5479 vehementer
672 5419 972 5498 paternauostraiu
998 5437 1055 5485 ros
1069 5431 1118 5486 at·
1173 5420 1336 5495 violemus,
1360 5421 1438 5500 quic
1462 5419 1603 5500 querelor
1629 5433 1785 5502 motusque
1807 5419 1836 5480 ia
1862 5409 1917 5474 rell·

328 5530 393 5592 que
421 5513 457 5578 ia
483 5515 571 5596 ipsos
599 5517 775 5584 catholicos
792 5517 1019 5582 benevolentia
1047 5538 1118 5585 me·
1174 5525 1244 5602 quis
1260 5522 1380 5583 uostris
1396 5523 1572 5601 proviaciis
1602 5517 1857 5598 excitemusque
1875 5512 1916 5574 da·

330 5613 392 5708 rito
407 5624 501 5696 atque
521 5619 642 5697 optimo
668 5621 742 5700 jura
765 5621 799 5682 ia
815 5621 884 5683 dics
906 5629 1072 5703 augeatur.
1102 5648 1117 5684 a
1175 5623 1300 5685 tltotieis
1317 5621 1461 5684 amnibus
1481 5622 1633 5704 iujuriam
1652 5624 1823 5705 inseramur,
1860 5609 1914 5692 ruit

371 5717 488 5778 «lirun
518 5735 593 5782 vero
628 5727 691 5782 tam
718 5717 888 5781 miriticam
917 5727 1071 5798 restrum,
1087 5730 1119 5786 et
1174 5723 1305 5804 denique
1326 5723 1518 5804 infirmamus
1544 5725 1626 5786 luat
1655 5741 1720 5785 acu
1740 5707 1915 5784 sotomltdir

330 5811 474 5880 tidelium
490 5835 564 5900 erga
581 5835 640 5884 nos
668 5828 699 5886 et
728 5819 808 5918 hauc
823 5823 1117 5924 ι,κιρ-ι]ομμῖιῖψε-οᾱθη]
1174 5822 1426 5902 aaracrcau,qui
1444 5839 1510 5886 sors
1525 5818 1914 5894 corrrmrsrmusrrsroutss

483 6117 507 6158 ἀ
