4004 6458
269 266 322 334 itt
780 270 893 332 tultis
910 271 1090 332 cmiuulct
1112 273 1380 340 comunimus.
1834 285 1881 352 Ν

266 379 310 435 als
335 381 443 440 contra
474 375 643 440 violatores
669 375 852 439 constitutis
884 375 917 438 tn
952 375 1050 440 bullis
1107 381 1164 458 qai
1180 383 1297 448 tatibus
1312 385 1483 450 breuiariis
1498 387 1732 452 ctltissalibus
1747 394 1884 468 utuntur.

265 473 539 540 comsummata
562 475 736 539 Clementis
757 475 840 550 vlit,
858 485 888 537 el
904 477 1051 539 Divinam
1107 493 1248 559 peceant,
1268 485 1460 566 obligationi
1487 487 1637 552 horarum
1664 491 1882 558 canonicarum

262 577 469 656 psalmodiam
482 577 597 640 llrbani
615 577 699 640 Vlll.
716 574 775 658 (Ex
803 575 949 657 pluribus
969 597 1049 641 sacr.
1106 603 1172 648 aon
1207 589 1425 664 satistaclaat,
1454 608 1513 654 nec
1536 608 1613 654 suos
1632 591 1755 656 laoiuut
1776 592 1886 660 banell-
1966 643 1967 668 ;

264 677 327 740 llit.
344 693 451 754 congr.
469 676 631 757 decretis.)
657 677 724 738 Non
750 685 922 754 potuerunt
947 697 1052 761 neque
1107 685 1230 750 ciorum
1246 687 1381 752 tructus.
1398 689 1490 764 Quod
1505 700 1590 772 patet
1606 702 1761 772 proterea
1778 711 1817 757 ex
1830 697 1887 760 alio
1966 705 1967 780 ξ

261 777 1051 858 erihucpossantordinariipraelatiullasanctoram
1106 785 1206 850 dubio
1223 789 1262 850 ab
1277 791 1391 853 eodem
1408 793 1565 856 canonico
1579 795 1682 856 Lottiu
1703 797 1886 874 proposita:
1966 793 1967 840 i

262 875 366 940 olicis
379 878 504 956 propria
521 879 709 942 arroteritnte
725 880 913 944 calendario
924 883 1051 946 addere.
1108 885 1281 963 postularit
1300 905 1414 968 nempe
1430 891 1582 956 declarari
1598 893 1755 970 insuper:
1772 896 1889 975 Anqui-

263 979 373 1060 Neque
390 989 513 1042 mutare
531 980 640 1054 ritum,
660 982 715 1060 qui
734 983 869 1045 habetur
891 983 924 1046 in
941 985 1053 1048 Colen·
1107 983 1180 1050 libat
1195 989 1339 1050 sacerdos
1357 989 1607 1069 Cenomanensis,
1625 995 1718 1056 etiam
1731 999 1888 1060 cononicus

262 1081 352 1144 dario
367 1081 507 1144 Romano
523 1099 579 1144 seu
598 1083 947 1160 rubricisBr·eriarii‚ia
961 1088 1052 1150 altio·
1107 1095 1135 1147 st
1158 1090 1329 1167 parochus,
1353 1091 1458 1152 statim
1475 1101 1618 1154 tencatur
1641 1096 1674 1154 in
1697 1099 1887 1167 conscicntia.

263 1200 328 1244 ram
346 1181 456 1256 ritum,
474 1201 579 1262 neqrre
595 1184 767 1247 extendero
785 1202 935 1249 concessa
948 1187 1051 1250 officia
1106 1197 1171 1248 lum
1187 1198 1215 1250 ct
1237 1189 1330 1251 noros
1347 1193 1515 1254 canonicos
1527 1193 1706 1272 persoluere
1718 1197 1888 1280 missamque

261 1285 301 1345 de
329 1285 398 1345 loeo
430 1282 469 1345 ad
505 1284 628 1355 locum;
656 1303 694 1346 ex
719 1286 849 1347 decreto
878 1303 957 1348 sacr.
984 1287 1049 1350 llil.
1107 1288 1257 1352 celebrare
1264 1291 1363 1371 jacto
1378 1293 1476 1353 ritum
1490 1311 1664 1370 romanum,
1691 1294 1814 1374 quondo
1835 1300 1890 1359 sci·

261 1401 371 1464 eetigr.
391 1385 432 1448 ab
452 1385 579 1448 Urbano
602 1384 674 1446 Vlll
702 1389 875 1466 apprroboto
901 1396 932 1450 et
957 1388 1051 1452 initio
1105 1390 1177 1452 licet
1189 1390 1349 1467 priuatim,
1368 1391 1478 1454 recitat
1494 1400 1521 1454 ct
1536 1391 1747 1456 cstatratram
1773 1395 1889 1476 insuper

261 1483 417 1548 breviarii
440 1487 531 1549 Rom.
550 1487 717 1566 impresso,
1106 1489 1371 1571 omnibusquibus
1388 1501 1493 1572 potest
1516 1493 1618 1556 modis
1641 1495 1886 1558 reverendissimo

302 1586 438 1662 lll.Qui
466 1587 611 1670 recitaret
635 1585 748 1658 officia,
771 1587 837 1649 sola
862 1587 1051 1651 auctoritate
1104 1591 1250 1671 episcopo
1278 1591 1476 1671 supplicare,
1499 1603 1649 1674 quatenus
1690 1601 1718 1654 et
1763 1592 1887 1673 idipsam

262 1690 416 1752 ordinarii
433 1697 540 1753 contro
566 1688 733 1768 prmlutum
753 1688 917 1750 decretum
943 1689 1050 1751 addita
1104 1710 1163 1772 pro
1180 1692 1286 1755 diuino
1304 1693 1408 1775 officio
1423 1694 1553 1775 publico
1572 1695 1768 1774 opportunis
1790 1695 1888 1756 mediis

261 1791 449 1870 obligationi
470 1791 619 1852 berorum
633 1789 856 1852 canonicarum
873 1806 935 1850 uon
952 1789 1051 1851 salis·
1106 1795 1332 1873 attemperidas
1349 1794 1777 1875 promoucrcdipnatarlCui
1790 1806 1886 1872 postu-

261 1891 392 1954 laceret.
405 1893 533 1954 Constat
545 1907 583 1952 ex
600 1888 742 1968 ejusdem
761 1888 879 1951 decreti
896 1897 1007 1951 tenore
1019 1895 1050 1952 et
1107 1895 1169 1957 lato
1189 1895 1230 1956 ita
1247 1913 1334 1958 saera
1348 1895 1481 1956 Rituum
1495 1911 1605 1972 congr.
1618 1892 1886 1974 responditrt’on·

263 1990 1051 2071 trallisalanis,multisonasacr.coagr.lttt.de·
1104 1995 1186 2058 sulcat
1219 1997 1408 2074 conjunctim
1443 2006 1606 2073 utromque
1645 1993 1885 2056 constitutionem

261 2093 502 2156 eiurationibus.
1104 2098 1203 2159 sancti
1215 2095 1268 2158 Pii
1285 2098 1319 2167 V,
1335 2094 1475 2157 uidelicet
1488 2094 1574 2156 ittam
1585 2113 1653 2174 qam
1670 2094 1786 2172 incipit
1806 2095 1886 2168 Quoo

303 2193 355 2254 ill.
372 2193 546 2267 Quodlibet
574 2192 772 2255 Breviarium
784 2193 1050 2256 elllissalesedis
1107 2216 1232 2260 auoacs
1249 2217 1290 2260 ru
1307 2194 1614 2262 ldasdalii1568.ct
1634 2193 1732 2255 oliam
1750 2194 1885 2273 qaoeiaci·

261 2293 444 2370 apostolieae
474 2292 662 2355 auctoritate
709 2309 773 2354 uon
820 2293 1049 2371 approbatum,
1103 2301 1153 2380 pit
1182 2299 1229 2359 Ea
1262 2316 1429 2368 ricoarae.
1466 2315 1514 2358 xu
1546 2297 1722 2356 lisasaoas
1758 2293 1885 2354 Octobris

261 2395 445 2455 damnatum
462 2392 523 2455 luit
537 2397 629 2456 etesi
644 2392 705 2454 sub
729 2409 819 2470 poena
837 2408 899 2454 uon
926 2393 1052 2455 satisla·
1107 2397 1195 2458 1751.
1221 2395 1319 2456 Porro
1336 2394 1367 2454 in
1385 2392 1469 2454 bulla
1487 2389 1610 2468 Quodn
1628 2389 1723 2451 nobis
1745 2390 1884 2468 reperitur

262 2499 365 2561 ciendi
384 2498 492 2559 debito
508 2497 664 2559 Horarum
687 2498 925 2572 carronicaram,
943 2506 974 2561 et
990 2499 1050 2560 sub
1105 2499 1146 2561 ila
1168 2496 1338 2577 suppressa
1355 2495 1455 2557 luisse
1481 2493 1643 2556 Brevioria
1657 2491 1823 2571 qnalibet,
1837 2490 1886 2552 du·

262 2613 353 2676 poena
370 2597 522 2659 librorum
532 2597 1050 2673 prohibueramusdecretosacr.
1106 2598 1208 2662 ceratis
1223 2597 1315 2659 annis
1328 2596 1445 2658 inillam
1462 2595 1564 2674 ipsam
1582 2610 1645 2654 noa
1665 2592 1884 2666 antecedentia,

263 2699 329 2760 llil.
347 2713 455 2776 congr.
473 2699 532 2760 suls
547 2699 599 2758 die
614 2699 633 2758 8
650 2698 769 2775 Aperitis
791 2706 821 2760 et
842 2697 881 2760 28
903 2700 1051 2762 Octobris
1108 2703 1141 2756 ut
1158 2711 1213 2770 per
1228 2692 1296 2770 ipsa
1311 2689 1500 2768 obligationi
1519 2688 1674 2752 recitandi
1691 2687 1786 2750 officii
1802 2689 1882 2750 satis·

263 2797 393 2859 luteae
409 2797 532 2858 Urbano
551 2797 620 2857 vtll
634 2795 805 2874 approbato
829 2805 859 2858 et
881 2805 1049 2876 praecepto.
1106 2793 1175 2856 lieri
1192 2799 1342 2872 raequeal.
1367 2791 1402 2850 Et
1419 2788 1450 2850 in
1466 2789 1550 2851 bulla
1567 2789 1619 2850 Ex
1647 2789 1810 2868 proximo,
1831 2795 1882 2848 sla·

262 2899 470 2959 materanos
487 2895 595 2974 regula
617 2897 747 2971 indicis,
773 2897 815 2957 Dc
828 2897 919 2958 libris
942 2898 1052 2977 proni·
1109 2893 1209 2956 luitur
1225 2909 1281 2954 aus
1297 2891 1352 2970 qui
1369 2889 1462 2951 lsoras
1474 2889 1644 2950 canonieus
1657 2885 1884 2949 recitareomit·

261 2997 350 3074 ditis,
385 3013 445 3058 neo
470 2996 503 3057 in
534 2996 640 3058 indice
671 2997 856 3058 nominatim
884 2998 1050 3076 caprensis,
1107 2989 1329 3065 luut‚sructus
1348 2987 1576 3050 beneficiorum
1603 2987 1882 3051 suorumamittare

262 3097 350 3160 iuter
385 3096 486 3158 libros
534 3095 714 3175 prohibitos
753 3106 961 3161 recenseatur
1002 3115 1052 3160 se·
1107 3089 1524 3174 proratoomissiouumin
1553 3087 1882 3152 diviniollioiirecila·

262 3204 423 3276 uertentes:
443 3194 582 3258 Missolis
617 3197 747 3259 llomoni
771 3197 877 3258 omnia·
899 3195 1052 3275 exempla·
1108 3196 1206 3256 tione.
1229 3191 1319 3253 Unde
1334 3208 1391 3270 per
1408 3189 1501 3252 talem
1523 3189 1768 3268 responsionem
1790 3196 1882 3268 aperte

262 3299 313 3361 ria
328 3297 469 3360 'alterata
495 3305 565 3376 post
593 3296 726 3359 edictum
748 3296 801 3359 Pii
822 3299 855 3359 l'.
878 3331 917 3344 -
940 3297 1052 3378 Officio
1106 3290 1740 3356 declaratursacerdotascoaomaaaasts
1750 3289 1882 3353 Ecclesia

264 3397 300 3457 li.
316 3391 428 3457 Moriar
449 3394 600 3472 Virginis,
627 3392 884 3466 retroactorum,
903 3405 956 3454 aut
980 3413 1052 3455 san·
1106 3394 1207 3458 teneri
1221 3393 1340 3464 statim,
1358 3392 1491 3455 recitare
1507 3391 1708 3453 breviarium
1721 3393 1879 3454 Romanum

263 3507 397 3572 claram,
417 3495 540 3575 alioque
560 3492 751 3575 natjasmodi‚
769 3492 881 3573 absque
897 3493 1053 3573 approbo·
1107 3495 1167 3560 snb
1182 3511 1271 3576 poeno
1289 3509 1352 3554 non
1369 3491 1585 3554 satisfaciendi
1600 3491 1753 3553 aoracum
1768 3491 1880 3552 canoni·

263 3600 347 3659 tione
361 3613 457 3658 sacro
477 3595 607 3656 dicaam
628 3595 880 3674 comprobationis
901 3595 983 3656 edita
1004 3593 1052 3654 uel
1107 3615 1215 3662 eurum
1236 3597 1357 3670 debil0,
1375 3602 1406 3656 et
1420 3611 1484 3656 nou
1500 3591 1636 3656 laelandi
1660 3591 1783 3652 lruetus
1805 3608 1876 3652 suas.

263 3697 388 3760 edenda.
404 3699 485 3775 Ergo
499 3696 661 3784 'Breviarla
679 3705 708 3756 et
724 3695 866 3757 Missalio
882 3713 954 3772 qttoe
970 3711 1050 3774 prus·
1105 3699 1170 3760 Nec
1186 3697 1330 3758 excusari
1351 3687 1484 3772 pesistat
1500 3712 1538 3756 ex
1556 3693 1706 3772 jussione
1720 3710 1774 3754 seu
1786 3706 1880 3768 appre

263 3799 483 3862 dictisollioiis
501 3807 531 3861 et
549 3797 659 3858 missis
676 3804 834 3869 constant,
850 3793 953 3856 eidem
977 3811 1051 3874 pro·
1107 3797 1235 3858 batione
1253 3791 1406 3874 episcopi.
1431 3791 1523 3866 Quod
1552 3793 1634 3853 idem
1663 3809 1720 3869 pro
1746 3789 1877 3852 omnibus

266 3901 415 3964 tribitiaui
430 3909 461 3963 el
476 3897 675 3962 damnationi
689 3897 915 3974 subjiciuntur.
1108 3895 1261 3960 Ecclesiis
1276 3897 1309 3956 in
1327 3895 1425 3957 simili
1444 3911 1518 3957 casu
1543 3893 1747 3956 versantibus
1768 3889 1878 3954 conclu·

304 4003 343 4064 V.
361 4000 481 4063 Omnes
497 3997 632 4078 proelotoe
647 3995 893 4059 constitutiones
912 4003 943 4058 et
963 3995 1050 4074 leges
1107 3995 1248 4059 dandum
1266 3994 1365 4058 venit.

266 4103 298 4164 in
312 4117 372 4162 suo
391 4100 504 4162 roboro
527 4103 773 4176 pertuenserunt
796 4102 826 4156 et
846 4103 1051 4173 permanenl;
1146 4097 1199 4160 Vl.
1217 4097 1263 4158 Ex
1281 4095 1454 4176 praemissis
1471 4092 1749 4172 propositionibus
1765 4105 1875 4168 genera-

265 4219 323 4266 nee
337 4199 400 4262 ulla
415 4197 650 4262 cousuetudine
667 4196 888 4274 poluitooatra
905 4209 960 4257 eos
975 4211 1053 4274 prm·
1109 4199 1181 4263 liter
1203 4198 1394 4261 concludere
1427 4197 1499 4259 licet
1525 4193 1684 4258 Ecclesiae
1716 4210 1785 4274 qum
1805 4189 1874 4270 (oum

265 4301 474 4374 scriberetittt
492 4298 656 4362 multoties
672 4296 1050 4374 decidistilsocmongr.
1108 4305 1291 4364 tenerentur
1317 4297 1518 4360 occatoriam
1555 4302 1585 4358 et
1610 4294 1739 4356 blissale
1761 4293 1875 4356 Planum

263 4403 406 4465 Rituum.
422 4398 740 4476 Qumooulirmantur
760 4397 943 4476 nrrperrima
968 4413 1049 4460 sacr.
1106 4399 1278 4482 amplecti),
1296 4417 1359 4462 non
1383 4405 1570 4478 paruerunt,
1598 4397 1703 4460 adlruc
1727 4392 1816 4456 hodie
1837 4408 1876 4452 re·

264 4521 372 4579 congr.
390 4504 520 4565 Ritaum
538 4503 764 4573 aloclaralione,
780 4501 843 4561 diei
860 4497 1050 4561 llllanuorii
1107 4519 1235 4564 manere
1257 4501 1317 4563 sub
1350 4499 1548 4578 obligatione
1573 4497 1612 4560 ad
1642 4495 1829 4560 Brevissima
1852 4501 1875 4554 el

264 4603 353 4668 test.
373 4603 558 4681 Errrrmebat
574 4601 769 4665 reverendus
788 4599 961 4662 corrorrieus
978 4599 1052 4661 Lol·
1107 4601 1236 4665 llissale
1251 4604 1429 4664 Romanum
1446 4605 1624 4684 correctum
1642 4596 1792 4675 migrandi
1800 4613 1808 4671 ;
1824 4595 1873 4655 nisi

265 4707 322 4777 llll·
344 4705 376 4766 in
391 4704 530 4766 Ecclesia
554 4700 802 4772 Cessossltntttlsb
825 4716 897 4780 <tute
925 4697 1051 4778 propria
1108 4704 1186 4767 locta
1204 4701 1367 4783 aliquibus
1381 4703 1474 4765 sedes
1500 4700 1674 4780 apostoliea
1690 4695 1874 4776 capressaia·

265 4805 392 4884 liturgia
415 4804 557 4884 legitime
580 4806 740 4876 alebatur,
765 4817 849 4864 8⁰⁰0
871 4799 948 4862 1748
976 4805 1051 4862 00¹¹·
1106 4805 1251 4876 dulserit,
1273 4811 1307 4866 ut
1326 4803 1359 4864 in
1376 4809 1539 4880 assumpta
1556 4801 1617 4862 alia
1638 4799 1765 4876 liturgia
1789 4813 1872 4858 rema·

263 4903 370 4968 ilatum
385 4913 480 4984 atqrre
496 4905 662 4966 inductum
680 4901 908 4966 luissenovum
922 4901 1051 4963 Brevia·
1107 4912 1215 4981 neunt,
1229 4922 1391 4984 expresse,
1409 4903 1552 4983 inquam
1569 4902 1644 4982 quia
1662 4919 1700 4964 ex
1717 4899 1801 4961 taciti
1814 4905 1871 4959 tan·

264 5004 547 5084 riumuorumoue
568 5001 710 5076 Missale,
732 5019 747 5065 a
771 5001 869 5081 priori
896 5001 1051 5065 Cenoma·
1107 5014 1172 5069 turn
1208 5023 1385 5070 corsseusus
1420 5005 1658 5084 suppositione,
1688 5002 1719 5065 id
1751 4999 1794 5062 eis
1819 5010 1870 5058 oon

264 5105 355 5168 nansi
376 5105 628 5168 substantialiter
644 5104 827 5179 diversum
851 5102 1048 5182 postulabat·
1108 5107 1203 5168 licere
1234 5106 1400 5185 probatum
1427 5111 1486 5168 est.
1519 5094 1869 5186 (ll.Bourx‚llcjar.li·

263 5220 326 5276 tarra
345 5205 384 5265 alr
404 5201 670 5264 eminentissimis
701 5203 846 5263 Patribus
871 5199 1049 5264 declarari:
1106 5214 1190 5286 tara.
1209 5222 1239 5284 p.
1255 5205 1338 5282 283.)

266 5302 376 5366 Utrum
387 5302 495 5365 saltem
519 5302 698 5385 najasmodt
712 5302 845 5381 literato
861 5303 895 5364 oi
903 5304 1051 5382 praescri·
1144 5304 1215 5368 vlt.
1235 5305 1352 5368 Eadem
1367 5305 1520 5384 obligatio
1534 5305 1661 5388 exsistit
1672 5300 1770 5385 quoad
1782 5293 1868 5362 Ponti·

263 5405 392 5480 plionia.
407 5423 460 5465 sca
471 5403 707 5466 consuetudinis
719 5403 889 5473 saecularis,
905 5405 990 5482 sacto
1007 5403 1049 5463 sit
1105 5407 1211 5479 ltcale,
1233 5405 1483 5474 Cmremoniale.
1504 5403 1761 5484 Martyrolegium
1781 5407 1807 5463 et
1822 5394 1867 5458 lli·

264 5505 412 5582 lcpitima‚
435 5505 481 5564 ila
495 5513 530 5566 ut
540 5505 633 5567 bodie
650 5503 779 5583 quilibet
792 5503 935 5564 sacerdos
951 5501 1048 5564 Ceno·
1107 5507 1191 5570 tuate
1218 5507 1417 5578 Romanam,
1446 5507 1568 5568 scilicet
1597 5521 1708 5568 omnes
1739 5494 1866 5562 Ecclesia

263 5603 1049 5682 anonsnsispossitsamtatoconscicntiosarcorcl
1105 5604 1270 5670 catholicae
1295 5604 1476 5668 sacerdotes
1519 5609 1668 5668 leuentur
1703 5587 1862 5678 hujusmodi

266 5721 351 5795 soora
367 5705 571 5786 congregatio
593 5705 756 5787 respondit
780 5705 931 5784 aepactas.
957 5705 1046 5792 Unde
1107 5705 1195 5770 libris
1220 5705 1278 5781 uli,
1311 5721 1431 5786 eosque
1454 5705 1604 5786 seqrriju
1620 5701 1762 5768 omuibus
1777 5691 1873 5759 sacris.
