4004 6458
285 388 339 457 itt
798 389 912 452 tultis
930 389 1112 454 clodulei
1130 383 1397 458 cohvuholutt‘.
1841 411 1886 481 'm

284 509 374 590 cuod
390 505 683 574 acttelsettteotia
698 506 1071 587 pronuntiataajudtco,
1129 508 1212 586 aliie
1239 513 1296 575 sed
1321 511 1461 576 tenenda
1488 513 1647 578 sententia
1682 522 1730 580 eet
1753 527 1885 605 negative,

286 611 345 692 qul
371 627 484 674 revera
519 624 585 674 non
615 615 665 673 est
689 606 803 688 judex,
836 609 864 672 si
901 608 1071 685 probabili,
1128 627 1224 691 quem
1241 611 1338 676 etiam
1358 609 1538 677 detendunt
1567 613 1674 680 lebas
1704 623 1735 680 et
1763 623 1886 694 multi...

286 718 319 776 et
345 711 486 792 publico,
514 727 576 774 sau
610 709 778 776 commerui
810 711 921 790 populi
964 725 1074 773 errore

286 812 359 877 talis
400 829 474 878 esse
518 810 734 886 existimatur,
769 809 835 874 sint
882 809 1074 892 valida.(ita
1167 811 1250 876 liuh.
1292 814 1323 877 5.
1362 814 1398 876 lu
1436 813 1558 894 quibus
1602 813 1731 881 casibus
1763 825 1889 898 procedat
1965 815 1966 822 '

285 912 501 976 communiter
528 912 702 991 docteres.)
724 909 869 975 sumitur
881 928 923 974 ex
945 910 968 973 l.
988 911 1053 972 Bor
1126 907 1271 973 doctrina
1308 908 1463 973 hacteuus
1492 909 1636 974 tradita?
1654 945 1694 960 -
1713 913 1805 994 hesp.
1833 919 1891 984 ire
1966 999 1967 1006 ἵ

285 1013 394 1078 bariae
419 1011 450 1078 3,
480 1011 513 1076 li.
540 1012 685 1094 Dromo.
717 1019 873 1091 pretor„
910 1027 984 1090 qua
1022 1010 1074 1074 lex
1102 1083 1104 1086 ,
1128 1007 1267 1071 caditiu
1290 1007 1440 1088 pluribus
1462 1010 1592 1074 casibus
1624 1011 1764 1076 maxime
1794 1013 1825 1079 in
1846 1035 1890 1084 sen
1966 1007 1967 1012 ’

285 1115 461 1180 anamodo
496 1111 1073 1194 castoninotavideturndnsornist,
1128 1108 1355 1188 sequentibus.
1378 1111 1407 1173 1.
1440 1109 1557 1174 Valent
1582 1118 1648 1175 acta
1682 1112 1832 1196 episcopi,
1851 1121 1890 1184 vel
1967 1107 1968 1110 ’

287 1217 303 1292 i
336 1203 699 1291 prraesumendum
731 1214 764 1292 ³,
799 1220 914 1295 quast.
946 1215 976 1287 b,
1015 1211 1072 1274 uhi
1127 1206 1263 1273 alterius
1307 1209 1439 1289 prelati,
1478 1212 1573 1293 cujus
1631 1213 1748 1278 electio
1773 1220 1893 1298 'propter
1968 1235 1969 1304 l

285 1315 515 1394 pronuntiatur
530 1315 711 1380 firmitatem
727 1314 775 1379 rai
790 1315 941 1396 judicatas
963 1320 1073 1378 leuare
1127 1309 1346 1390 quodcunque
1373 1311 1460 1392 juris
1485 1311 1619 1376 humaui
1652 1313 1892 1394 impedimentum
1968 1309 1969 1314 ’

284 1417 491 1494 sententiam,
529 1419 767 1497 pronuntiatam
823 1433 842 1480 a
879 1431 986 1492 servo,
1016 1411 1071 1495 qui
1126 1406 1306 1483 luitnutln,
1335 1411 1365 1474 si
1392 1412 1464 1494 ejus
1496 1413 1628 1477 nullitas
1662 1415 1792 1496 publice
1822 1419 1895 1500 igno-
1969 1413 1970 1448 ¹

283 1534 356 1586 ottm
386 1524 553 1596 putaretur
579 1517 671 1593 liber,
692 1515 952 1598 jurisdictionem
982 1513 1072 1579 dele·
1128 1519 1227 1574 retur,
1249 1511 1334 1574 -h
1360 1512 1475 1576 Valent
1512 1515 1740 1580 absolutiones
1759 1515 1895 1586 collatae
1970 1593 1971 1616 χ

284 1618 575 1699 gatamaccepit....
612 1618 762 1692 Ratione,
790 1616 868 1697 quic
905 1617 958 1680 tali
997 1633 1073 1681 casu
1127 1610 1303 1685 sacerdote,
1327 1615 1358 1676 et
1378 1625 1483 1674 coram
1512 1627 1551 1674 eo
1573 1611 1732 1677 celebrata
1757 1619 1897 1684 matrimo-
1970 1623 1971 1626 ’

284 1736 371 1800 resp
410 1721 462 1784 vel
494 1719 634 1784 Ecclesia
654 1727 783 1800 propter
813 1718 984 1782 utilitatem
1014 1737 1074 1798 pu-

285 1819 405 1884 blicam
427 1819 559 1900 supplet
574 1817 735 1884 deiectum
759 1819 995 1898 jurisdictionis
1017 1837 1074 1883 ne-

279 1920 435 1988 cessariae
461 1919 501 1984 ad
548 1920 688 1984 valorem
739 1927 894 1996 actorum,
927 1927 958 1984 et
994 1935 1072 1986 sen-

286 2019 460 2084 tentiarum
507 2020 723 2101 judicialium,
780 2027 877 2100 alque
930 2021 1073 2100 ipsarum

287 2126 383 2190 etium
409 2124 650 2190 absolutionum
680 2121 971 2187 sacramentalium,

326 2287 343 2324 rr
371 2265 445 2330 biri
475 2274 581 2329 autem
607 2265 769 2346 probabili
813 2283 919 2328 errore
938 2291 952 2346 ,χ
985 2265 1075 2330 aliud

286 2375 383 2442 esset,
405 2367 431 2428 si
454 2375 542 2446 gesta
571 2374 679 2428 assent
703 2380 719 2426 u
746 2366 857 2447 judico
886 2367 1073 2429 existimato

288 2485 345 2546 per
370 2483 527 2540 crassum,
551 2477 582 2529 et
607 2467 776 2546 supinum,
813 2473 868 2530 aut
899 2485 938 2531 ex
956 2465 1073 2550 liquidi

285 2573 318 2631 et
336 2566 501 2631 manifesti
539 2568 625 2649 juris
661 2567 843 2648 ignorantia
883 2569 1075 2652 provenien·

286 2675 354 2732 leth
407 2683 569 2744 errorem;
615 2667 721 2750 quails
775 2675 869 2745 esset,
896 2670 922 2731 si
946 2668 986 2746 is,
1017 2669 1073 2750 qui

287 2769 482 2832 seutentiam
525 2767 672 2849 protulit,
725 2768 757 2831 in
796 2785 836 2832 eo
882 2767 977 2843 loco,
1018 2769 1073 2832 ubi

286 2868 433 2949 protrtlil,
451 2867 580 2950 publice
592 2869 763 2932 damnatus
781 2867 829 2930 vel
861 2869 1073 2933 denuntiatus

287 2971 377 3029 essct
399 2965 441 3029 da
472 2965 582 3046 aliquo
618 2965 861 3046 impedimento,
908 2969 949 3032 ob
987 2969 1073 3051 quod

286 3063 422 3144 incapax
469 3072 556 3129 esset
584 3063 679 3129 officii
712 3065 846 3146 iudicis,
898 3085 969 3130 nam
997 3069 1074 3154 ¹talis

287 3181 379 3230 error
405 3165 456 3229 val
473 3165 655 3247 ignorantia
680 3167 825 3232 scientiae
842 3168 1073 3250 aequiparatur,

286 3281 377 3329 cous.
425 3265 539 3330 vitium
591 3267 782 3329 seutentiam
823 3268 961 3332 dicentis
1009 3287 1073 3332 non

258 3420 262 3427 .
286 3362 382 3425 tollit.
402 3361 546 3427 ..Addidi
568 3365 724 3426 communi
745 3381 852 3426 errore
871 3375 900 3426 et
921 3367 1072 3446 publico:

286 3479 353 3527 nou
379 3463 466 3531 euim
482 3461 599 3528 sullicit
628 3465 739 3540 unlus,
762 3465 812 3528 vel
839 3465 986 3544 alterius,
1020 3476 1076 3532 aut

286 3579 463 3641 paucerum
480 3581 596 3640 error3
626 3567 684 3654 sed
706 3566 800 3629 debet
826 3584 898 3630 esse
930 3585 1075 3631 commu·

286 3662 351 3737 uis,
376 3664 428 3727 cui
445 3681 577 3728 neeesse
604 3665 645 3726 sil
684 3665 873 3736 subvenire,
892 3667 1074 3748 supplendo

286 3764 446 3828 delectum
460 3765 759 3845 jurisdictionis...
793 3767 886 3831 liatio
910 3777 968 3842 est,
996 3771 1074 3850 quia

288 3866 457 3945 suppletur
472 3867 513 3929 ob
529 3865 698 3929 utilitatem
722 3867 893 3945 publicant.
923 3869 989 3932 Eril
1019 3887 1075 3932 uu-

286 3973 351 4029 tem
379 3966 560 4029 communis
603 3983 703 4043 error,
734 3967 762 4029 si
788 3969 1072 4048 impedimentum,

287 4079 354 4147 quo
388 4065 510 4130 laborat
563 4066 676 4145 judex,
711 4067 822 4129 saltem
858 4070 889 4130 iu
923 4087 961 4132 co
991 4071 1074 4146 loca,

287 4167 342 4231 ubi
355 4166 469 4248 iudicii
496 4172 563 4229 acta
586 4174 792 4242 exercentur,
833 4170 1002 4251 oecultum,
1020 4171 1073 4240 sit,

287 4268 362 4332 lieet
394 4267 559 4348 publicum
585 4267 628 4331 sit
659 4267 694 4332 in
730 4267 795 4331 alio
828 4269 910 4346 loco,
943 4291 1072 4352 praser-

287 4367 401 4430 sertim
424 4366 469 4430 ila
503 4365 655 4441 distante,
689 4372 725 4428 ut
752 4366 821 4447 ejus
839 4369 1076 4442 notitiarera-

287 4467 440 4530 similiter
460 4465 498 4530 ad
520 4465 639 4544 locum,
665 4465 703 4530 in
723 4483 788 4548 quo
806 4468 1075 4550 impedimentum

287 4566 450 4631 occultum
478 4573 538 4641 est,
567 4565 739 4647 pervenire
753 4585 814 4632 nou
842 4570 1076 4649 possit....imo

286 4667 361 4730 talis
394 4683 484 4730 error
521 4665 689 4731 habendus
723 4675 783 4744 est,
812 4671 874 4732 etsi
898 4671 933 4733 in
961 4673 1075 4736 eodem

287 4763 362 4825 locu
376 4763 432 4826 ulti
457 4761 559 4843 judex
586 4765 786 4843 pronuntiat,
806 4765 1074 4845 impedimentum

288 4863 456 4943 publicum
481 4863 592 4940 inerit,
617 4865 646 4928 si
683 4873 806 4931 tautum
834 4869 989 4950 temporis
1020 4869 1074 4933 iu-

289 4965 484 5040 teroesserit,
509 4971 544 5028 ut
564 4965 631 5048 jam
661 4965 700 5028 eh
722 4967 890 5031 hominum
920 4971 1076 5035 memoria

286 5065 417 5146 lapsum
450 5065 503 5142 sit,
552 5076 583 5130 et
610 5067 823 5132 communiter
861 5087 948 5136 nuno
978 5072 1074 5154 igno-

288 5175 387 5232 retur.

1128 1711 1193 1784 nia,
1219 1711 1280 1776 etsi
1308 1729 1382 1777 vere
1408 1713 1567 1793 parochus
1596 1730 1660 1777 uon
1686 1716 1741 1793 sit,
1770 1719 1895 1797 quiavel
1968 1695 1971 1716 ⁴

1127 1797 1288 1889 intrusus,
1322 1811 1371 1876 vel
1398 1813 1436 1877 ad
1459 1813 1639 1878 animatum
1666 1831 1774 1880 curam
1789 1816 1826 1881 ab
1845 1823 1898 1900 api·

1127 1928 1225 1991 scopu
1242 1927 1305 1976 non
1321 1911 1516 1992 approbatus
1534 1933 1543 1987 ς
1576 1913 1673 1976 modo
1703 1927 1760 1994 pro
1776 1915 1897 1996 legitimo
1972 1952 1973 1984 1

1128 2013 1268 2091 parocho
1296 2013 1515 2078 communiter
1528 2013 1570 2076 sit
1593 2013 1736 2078 habitus.
1763 2018 1895 2084 —³.Fa·

1128 2111 1200 2174 dem
1228 2119 1307 2186 acta,
1334 2114 1503 2176 sententia
1525 2121 1557 2176 et
1579 2112 1803 2180 absolutiones
1830 2119 1894 2182 sub·

1127 2208 1260 2284 sistunt,
1289 2213 1497 2291 quantumvis
1529 2211 1717 2293 episcopus,
1747 2213 1795 2277 vel
1831 2215 1898 2282 alins

1128 2309 1278 2388 prtalatus
1303 2311 1616 2386 excommunicatus,
1647 2329 1836 2392 suspensus,
1858 2316 1899 2380 rei
1974 2355 1975 2368 ,

1125 2415 1367 2496 jurisdictione,
1398 2419 1430 2479 'et
1452 2415 1522 2498 ipsa
1539 2415 1720 2498 praelatura,
1750 2427 1782 2480 et
1813 2419 1896 2484 bene·

1129 2516 1215 2592 licio,
1241 2515 1290 2579 vel
1318 2517 1425 2580 oiiroio
1463 2519 1606 2598 privatus
1654 2519 1781 2594 iuissct,
1821 2523 1901 2587 modo

1128 2620 1295 2682 cummuni
1308 2633 1418 2681 errore
1426 2619 1631 2684 existimetur
1646 2621 1754 2686 adhuc
1768 2623 1898 2701 preditus

1126 2719 1354 2800 jurisdictione
1378 2719 1563 2785 sufficienti.
1594 2757 1633 2772 -
1648 2721 1811 2803 hiiaipsa
1828 2725 1898 2788 vale·

1128 2819 1221 2894 bunt,
1239 2819 1730 2900 quantumvisimpedimeutunr
1750 2842 1832 2887 unus
1860 2825 1902 2889 rel

1128 2920 1208 2984 altar
1222 2921 1365 2997 sciverit,
1383 2922 1518 2986 modoii
1543 2939 1560 2986 a
1591 2923 1714 3005 quihus
1746 2933 1902 3004 gestasuut

1130 3022 1288 3101 provenis
1316 3022 1485 3102 judicibus
1514 3025 1677 3089 communi
1716 3043 1824 3090 errore
1851 3028 1903 3090 siut

1129 3127 1252 3202 hahiti3
1290 3129 1366 3208 quia
1413 3129 1501 3209 leges
1550 3147 1613 3192 non
1656 3129 1831 3210 privatam,
1856 3131 1903 3196 sed

1128 3240 1331 3290 communem
1371 3229 1624 3332 'pstimationeut
1667 3231 1846 3295 attendunt.
1875 3267 1902 3277 -
1979 3263 1980 3280 ,

1128 3325 1242 3389 illino
1268 3327 1367 3390 valori
1396 3347 1412 3392 a
1437 3345 1471 3391 sc
1505 3338 1650 3392 actorum
1697 3348 1764 3394 nun
1801 3331 1902 3395 obierit

1130 3427 1212 3489 mala
1236 3428 1314 3490 stdee
1343 3427 1449 3505 ipsius
1462 3428 1595 3508 judicis,
1616 3432 1762 3511 parrechi,
1778 3439 1903 3498 autcon-

1128 3523 1268 3602 icssarii,
1296 3527 1428 3590 scientis
1455 3545 1490 3590 se
1524 3545 1633 3592 carere
1673 3530 1900 3611 jurisdictione,

1130 3625 1227 3688 modo
1253 3628 1418 3689 communi
1441 3645 1550 3692 errore
1598 3631 1827 3694 existimentur
1857 3631 1906 3694 hao

1130 3726 1279 3802 praediti;
1308 3729 1384 3808 quia
1413 3731 1604 3793 heneficium
1640 3750 1703 3794 non
1734 3742 1782 3795 est
1811 3733 1903 3796 datum

1130 3825 1163 3887 in
1208 3825 1350 3890 lavarent
1390 3827 1525 3908 judicis,
1566 3831 1624 3894 aed
1669 3831 1747 3894 boni
1790 3832 1904 3910 publici,

1129 3929 1217 4008 quod
1244 3929 1419 4008 plurimum
1450 3939 1622 4010 pateretur,
1650 3935 1678 3995 si
1710 3941 1813 3996 stante
1830 3951 1903 3996 com·

1130 4031 1219 4092 muni
1248 4047 1369 4103 errore,
1401 4033 1501 4096 valoti
1518 4044 1645 4097 actuum
1680 4035 1812 4098 obesset
1838 4035 1903 4096 nula

1130 4131 1208 4192 lides
1225 4130 1360 4209 judicis,
1383 4143 1443 4197 etc.
1471 4169 1510 4180 --
1539 4137 1569 4197 b.
1614 4135 1766 4216 Denique
1809 4137 1904 4198 eadem

1131 4239 1199 4294 acta
1230 4231 1360 4307 valent,
1387 4235 1449 4296 etsi
1478 4253 1543 4298 una
1572 4235 1621 4298 vel
1669 4247 1806 4316 utreque
1846 4252 1906 4313 pots

1131 4333 1212 4394 sciat
1229 4331 1375 4411 jndicem
1401 4351 1506 4398 corum
1533 4353 1599 4414 quo
1633 4344 1748 4416 agunt,
1778 4344 1831 4399 aut
1859 4351 1904 4414 pa·

1132 4431 1280 4508 rochum,
1314 4431 1422 4497 corum
1474 4451 1541 4515 quo
1578 4433 1773 4497 contrahunt
1807 4432 1904 4496 matri-

1131 4533 1290 4608 monium,
1327 4534 1469 4615 legitima
1519 4545 1677 4618 potestate
1724 4535 1905 4599 instructum

1130 4648 1197 4697 nou
1231 4651 1315 4710 esse,
1357 4637 1452 4699 modo
1503 4638 1718 4700 cummuniter
1767 4637 1906 4700 habeatur

1130 4747 1189 4812 pro
1229 4751 1306 4797 vero
1332 4735 1455 4815 judice,
1490 4744 1547 4799 aut
1585 4753 1661 4801 vero
1697 4737 1844 4816 parocho,
1872 4735 1905 4798 oh

1130 4834 1275 4898 eamdem
1300 4836 1468 4901 rationem.
1494 4838 1661 4918 Excipitur
1685 4838 1847 4900 absolutio
1860 4853 1905 4898 sa-

1131 4935 1355 5013 oramentalis;
1396 4935 1478 5001 hanc
1529 4939 1616 5001 enim
1655 4937 1683 5001 si
1715 4939 1792 5021 quis
1821 4934 1907 5001 'extra

1131 5035 1243 5098 mortis
1266 5038 1437 5100 articulum
1462 5045 1584 5117 peteret
1615 5039 1832 5112 asacerdole,
1857 5033 1905 5118 qui

1130 5135 1345 5199 communiter
1386 5137 1529 5201 creditur
1572 5137 1744 5202 sufficienti
1778 5136 1904 5220 jurisdi-

1129 5235 1235 5300 ctione
1258 5237 1449 5313 instructus,
1474 5237 1532 5301 sed
1564 5255 1660 5321 quem
1686 5237 1758 5313 ipsa
1797 5237 1853 5300 scit
1873 5252 1905 5299 ea

326 5325 375 5386 hn
403 5324 445 5387 ad
470 5323 542 5401 ltoc,
571 5331 606 5388 ut
640 5333 733 5406 gesta
757 5328 796 5391 ab
824 5331 1073 5416 existimatoJu·
1129 5337 1323 5402 instructum
1349 5354 1415 5402 non
1455 5355 1541 5417 esse,
1579 5355 1644 5404 uon
1694 5337 1904 5404 absolveretur

287 5427 358 5492 dica
390 5435 529 5508 utroque
553 5427 624 5494 loro
650 5432 716 5494 sint
735 5433 855 5509 valida,
873 5439 1076 5502 necessarius
1130 5437 1248 5512 valide,
1279 5455 1343 5503 non
1366 5439 1500 5521 quidem
1541 5457 1581 5504 ex
1613 5439 1740 5504 delectu
1779 5437 1903 5522 jurisdi-

287 5526 331 5590 sit
354 5527 468 5591 titulus
489 5527 664 5605 coloratus,
688 5549 747 5596 sea
771 5549 788 5595 a
811 5533 957 5613 legitimo
976 5553 1075 5618 supe·
1129 5540 1247 5606 ctiouis
1273 5541 1310 5605 iu
1339 5542 1525 5607 absolvente
1549 5539 1639 5623 (quia
1680 5542 1774 5604 istam
1797 5539 1826 5602 ei
1853 5537 1904 5599 hoc

286 5627 384 5704 riore,
403 5630 551 5710 quamvis
565 5631 720 5705 invalida,
737 5633 883 5712 collatus,
898 5644 953 5701 aut
967 5640 1074 5706 valida
1129 5657 1206 5704 casu
1233 5641 1287 5705 dat
1315 5641 1455 5704 Ecclesia
1489 5638 1649 5704 deiectum
1682 5639 1834 5719 supplens
1869 5633 1904 5696 ob

287 5727 421 5808 quidem
465 5731 611 5808 collatus,
650 5731 706 5796 sed
734 5740 843 5814 postea
865 5740 1077 5806 exstinctus?
1130 5746 1517 5823 erroremcommuueml,
1569 5741 1626 5805 sed
1650 5741 1725 5821 utria
1761 5735 1899 5816 peccami-

289 5827 452 5894 affirmant
500 5834 609 5898 lunas.
644 5834 724 5900 teau
776 5837 874 5902 hadr.
919 5838 999 5904 abb.
1043 5851 1074 5907 ct
1130 5857 1283 5910 uosasua
1311 5843 1705 5926 petitionr,otindeorta
1736 5833 1902 5910 indisposi-
