<?xml version="1.0" encoding="UTF-8"?>
<!DOCTYPE html PUBLIC "-//W3C//DTD XHTML 1.0 Transitional//EN"
    "http://www.w3.org/TR/xhtml1/DTD/xhtml1-transitional.dtd">
<html xmlns="http://www.w3.org/1999/xhtml" xml:lang="en" lang="en">
 <head>
  <title>
</title>
<meta http-equiv="Content-Type" content="text/html;charset=utf-8" />
  <meta name='ocr-system' content='tesseract 3.04.00' />
  <meta name='ocr-capabilities' content='ocr_page ocr_carea ocr_par ocr_line ocrx_word'/>
</head>
<body>
  <div class='ocr_page' id='page_1' title='image "./juriscanoniciun01maupgoog/juriscanoniciun01maupgoog_0552.png"; bbox 0 0 4098 6448; ppageno 0'>
   <div class='ocr_carea' id='block_1_1' title="bbox 146 306 1767 418">
    <p class='ocr_par' dir='ltr' id='par_1_1' title="bbox 146 306 1767 418">
     <span class='ocr_line' id='line_1_1' title="bbox 146 306 1767 418; baseline -0.002 -7"><span class='ocrx_word' id='word_1_1' title='bbox 146 343 216 411; x_wconf 85' lang='lat' dir='ltr'>idas</span> <span class='ocrx_word' id='word_1_2' title='bbox 270 345 367 407; x_wconf 80' lang='lat' dir='ltr'>Plus</span> <span class='ocrx_word' id='word_1_3' title='bbox 383 344 434 408; x_wconf 82' lang='lat' dir='ltr'>tlt.</span> <span class='ocrx_word' id='word_1_4' title='bbox 454 342 503 404; x_wconf 87' lang='lat' dir='ltr'>DE</span> <span class='ocrx_word' id='word_1_5' title='bbox 521 313 706 418; x_wconf 54' lang='lat' dir='ltr'>utt&#39;ttcuffl,</span> <span class='ocrx_word' id='word_1_6' title='bbox 721 340 913 404; x_wconf 84' lang='lat' dir='ltr'>cttttsttttts</span> <span class='ocrx_word' id='word_1_7' title='bbox 923 306 1170 404; x_wconf 45' lang='lat' dir='ltr'>ET&#39;POENlSe·</span> <span class='ocrx_word' id='word_1_8' title='bbox 1186 342 1261 406; x_wconf 83' lang='lat' dir='ltr'>tta.</span> <span class='ocrx_word' id='word_1_9' title='bbox 1281 343 1359 405; x_wconf 81' lang='lat' dir='ltr'>XVI.</span> <span class='ocrx_word' id='word_1_10' title='bbox 1377 341 1427 404; x_wconf 85' lang='lat' dir='ltr'>DE</span> <span class='ocrx_word' id='word_1_11' title='bbox 1443 341 1642 405; x_wconf 78' lang='lat' dir='ltr'>causante.</span> <span class='ocrx_word' id='word_1_12' title='bbox 1698 339 1767 407; x_wconf 82' lang='grc'><strong>1696</strong></span> 
     </span>
    </p>
   </div>
   <div class='ocr_carea' id='block_1_2' title="bbox 140 447 1840 2234">
    <p class='ocr_par' dir='ltr' id='par_1_2' title="bbox 140 447 1840 2234">
     <span class='ocr_line' id='line_1_2' title="bbox 142 447 1840 540; baseline -0.006 -16"><span class='ocrx_word' id='word_1_13' title='bbox 142 458 255 540; x_wconf 81' lang='lat' dir='ltr'>dicto)</span> <span class='ocrx_word' id='word_1_14' title='bbox 284 455 368 518; x_wconf 90' lang='lat' dir='ltr'>licite</span> <span class='ocrx_word' id='word_1_15' title='bbox 395 453 552 516; x_wconf 87' lang='lat' dir='ltr'>iuteresse</span> <span class='ocrx_word' id='word_1_16' title='bbox 577 449 710 526; x_wconf 83' lang='lat' dir='ltr'>divinis,</span> <span class='ocrx_word' id='word_1_17' title='bbox 740 456 932 515; x_wconf 88' lang='lat' dir='ltr'>nontamen</span> <span class='ocrx_word' id='word_1_18' title='bbox 981 447 1070 524; x_wconf 88' lang='lat' dir='ltr'>laris,</span> <span class='ocrx_word' id='word_1_19' title='bbox 1094 457 1129 513; x_wconf 93' lang='lat' dir='ltr'>ut</span> <span class='ocrx_word' id='word_1_20' title='bbox 1157 449 1230 514; x_wconf 92' lang='lat' dir='ltr'>aliis</span> <span class='ocrx_word' id='word_1_21' title='bbox 1245 448 1392 532; x_wconf 75' lang='lat' dir='ltr'>allegatis</span> <span class='ocrx_word' id='word_1_22' title='bbox 1412 449 1510 514; x_wconf 87' lang='lat' dir='ltr'>tradit</span> <span class='ocrx_word' id='word_1_23' title='bbox 1531 450 1705 526; x_wconf 71' lang='lat' dir='ltr'>Passeris„</span> <span class='ocrx_word' id='word_1_24' title='bbox 1733 453 1766 514; x_wconf 92' lang='lat' dir='ltr'>iu</span> <span class='ocrx_word' id='word_1_25' title='bbox 1837 535 1840 540; x_wconf 27' lang='grc' dir='ltr'>Ι</span> 
     </span>
     <span class='ocr_line' id='line_1_3' title="bbox 142 547 1766 634; baseline -0.008 -11"><span class='ocrx_word' id='word_1_26' title='bbox 142 557 378 625; x_wconf 88' lang='lat' dir='ltr'>Eucharistiam</span> <span class='ocrx_word' id='word_1_27' title='bbox 409 571 550 618; x_wconf 89' lang='lat' dir='ltr'>sumere.</span> <span class='ocrx_word' id='word_1_28' title='bbox 581 553 650 634; x_wconf 84' lang='lat' dir='ltr'>(Ex</span> <span class='ocrx_word' id='word_1_29' title='bbox 665 565 692 616; x_wconf 86' lang='lat' dir='ltr'>e.</span> <span class='ocrx_word' id='word_1_30' title='bbox 721 548 812 612; x_wconf 78' lang='lat' dir='ltr'>atae</span> <span class='ocrx_word' id='word_1_31' title='bbox 833 558 933 612; x_wconf 80' lang='lat' dir='ltr'>mater</span> <span class='ocrx_word' id='word_1_32' title='bbox 980 567 1007 614; x_wconf 87' lang='lat' dir='ltr'>o.</span> <span class='ocrx_word' id='word_1_33' title='bbox 1024 549 1108 626; x_wconf 80' lang='lat' dir='ltr'>Quia</span> <span class='ocrx_word' id='word_1_34' title='bbox 1128 547 1319 630; x_wconf 73' lang='lat' dir='ltr'>pontificali,</span> <span class='ocrx_word' id='word_1_35' title='bbox 1339 567 1430 614; x_wconf 89' lang='lat' dir='ltr'>uum.</span> <span class='ocrx_word' id='word_1_36' title='bbox 1450 551 1499 626; x_wconf 87' lang='grc'>13,</span> <span class='ocrx_word' id='word_1_37' title='bbox 1515 552 1561 613; x_wconf 83' lang='lat' dir='ltr'>Dr</span> <span class='ocrx_word' id='word_1_38' title='bbox 1579 552 1683 633; x_wconf 72' lang='lat' dir='ltr'>afficio</span> <span class='ocrx_word' id='word_1_39' title='bbox 1691 549 1766 632; x_wconf 80' lang='lat' dir='ltr'>jud.</span> 
     </span>
     <span class='ocr_line' id='line_1_4' title="bbox 143 648 1765 742; baseline -0.007 -18"><span class='ocrx_word' id='word_1_40' title='bbox 143 659 212 742; x_wconf 89' lang='lat' dir='ltr'>cit.)</span> <span class='ocrx_word' id='word_1_41' title='bbox 228 693 268 708; x_wconf 92' lang='lat'>-</span> <span class='ocrx_word' id='word_1_42' title='bbox 283 657 463 722; x_wconf 73' lang='lat' dir='ltr'><strong>Notandum</strong></span> <span class='ocrx_word' id='word_1_43' title='bbox 477 652 724 734; x_wconf 87' lang='lat' dir='ltr'>seeundo,quod</span> <span class='ocrx_word' id='word_1_44' title='bbox 739 667 804 714; x_wconf 90' lang='lat' dir='ltr'>non</span> <span class='ocrx_word' id='word_1_45' title='bbox 819 667 932 714; x_wconf 91' lang='lat' dir='ltr'>omnes</span> <span class='ocrx_word' id='word_1_46' title='bbox 979 648 1112 730; x_wconf 75' lang='lat' dir='ltr'>deisque.</span> <span class='ocrx_word' id='word_1_47' title='bbox 1127 651 1161 714; x_wconf 90' lang='lat' dir='ltr'>in</span> <span class='ocrx_word' id='word_1_48' title='bbox 1178 651 1209 714; x_wconf 85' lang='lat'>6.</span> <span class='ocrx_word' id='word_1_49' title='bbox 1224 650 1346 714; x_wconf 84' lang='lat' dir='ltr'>Poterit</span> <span class='ocrx_word' id='word_1_50' title='bbox 1361 657 1467 714; x_wconf 87' lang='lat' dir='ltr'>tamen</span> <span class='ocrx_word' id='word_1_51' title='bbox 1489 659 1578 714; x_wconf 83' lang='lat' dir='ltr'>extra</span> <span class='ocrx_word' id='word_1_52' title='bbox 1596 650 1765 714; x_wconf 88' lang='lat' dir='ltr'>ecelesiam</span> 
     </span>
     <span class='ocr_line' id='line_1_5' title="bbox 143 747 1764 837; baseline -0.009 -12"><span class='ocrx_word' id='word_1_53' title='bbox 143 759 254 825; x_wconf 89' lang='lat' dir='ltr'>clerici</span> <span class='ocrx_word' id='word_1_54' title='bbox 270 768 412 837; x_wconf 90' lang='lat' dir='ltr'>tempore</span> <span class='ocrx_word' id='word_1_55' title='bbox 432 754 615 830; x_wconf 75' lang='lat' dir='ltr'>interdicti,</span> <span class='ocrx_word' id='word_1_56' title='bbox 635 751 828 816; x_wconf 90' lang='lat' dir='ltr'>admittendi</span> <span class='ocrx_word' id='word_1_57' title='bbox 855 757 931 814; x_wconf 93' lang='lat' dir='ltr'>suut</span> <span class='ocrx_word' id='word_1_58' title='bbox 978 748 1153 822; x_wconf 84' lang='lat' dir='ltr'>celebrare,</span> <span class='ocrx_word' id='word_1_59' title='bbox 1173 765 1213 812; x_wconf 84' lang='lat' dir='ltr'>ex</span> <span class='ocrx_word' id='word_1_60' title='bbox 1233 751 1359 812; x_wconf 83' lang='lat' dir='ltr'>Passer.</span> <span class='ocrx_word' id='word_1_61' title='bbox 1385 747 1497 811; x_wconf 79' lang='lat' dir='ltr'>ibid.»</span> <span class='ocrx_word' id='word_1_62' title='bbox 1528 750 1732 827; x_wconf 75' lang='lat' dir='ltr'>(Morientur</span> <span class='ocrx_word' id='word_1_63' title='bbox 1754 791 1764 828; x_wconf 92' lang='lat'>,</span> 
     </span>
     <span class='ocr_line' id='line_1_6' title="bbox 143 845 1528 932; baseline -0.011 -6"><span class='ocrx_word' id='word_1_64' title='bbox 143 863 183 926; x_wconf 90' lang='lat' dir='ltr'>ad</span> <span class='ocrx_word' id='word_1_65' title='bbox 219 860 346 924; x_wconf 87' lang='lat' dir='ltr'>divina:</span> <span class='ocrx_word' id='word_1_66' title='bbox 379 874 452 919; x_wconf 90' lang='lat' dir='ltr'>nam</span> <span class='ocrx_word' id='word_1_67' title='bbox 466 854 592 918; x_wconf 86' lang='lat' dir='ltr'>admitti</span> <span class='ocrx_word' id='word_1_68' title='bbox 617 869 681 916; x_wconf 89' lang='lat' dir='ltr'>nou</span> <span class='ocrx_word' id='word_1_69' title='bbox 701 851 837 928; x_wconf 89' lang='lat' dir='ltr'>debent,</span> <span class='ocrx_word' id='word_1_70' title='bbox 872 850 931 932; x_wconf 92' lang='lat' dir='ltr'>qui</span> <span class='ocrx_word' id='word_1_71' title='bbox 980 845 1528 928; x_wconf 60' lang='lat' dir='ltr'>tom.tannetareratctanmas.)</span> 
     </span>
     <span class='ocr_line' id='line_1_7' title="bbox 142 955 1677 1043; baseline -0.017 -16"><span class='ocrx_word' id='word_1_72' title='bbox 142 960 377 1043; x_wconf 88' lang='lat' dir='ltr'>aliquomodo</span> <span class='ocrx_word' id='word_1_73' title='bbox 407 955 746 1033; x_wconf 86' lang='lat' dir='ltr'>lueruntculpabites,</span> <span class='ocrx_word' id='word_1_74' title='bbox 777 961 932 1016; x_wconf 86' lang='lat' dir='ltr'>etcausa</span> <span class='ocrx_word' id='word_1_75' title='bbox 1236 1011 1243 1026; x_wconf 66' lang='lat'>‚</span> <span class='ocrx_word' id='word_1_76' title='bbox 1415 1011 1422 1026; x_wconf 92' lang='lat'><strong>.</strong></span> <span class='ocrx_word' id='word_1_77' title='bbox 1502 1010 1508 1023; x_wconf 51' lang='grc'>,</span> <span class='ocrx_word' id='word_1_78' title='bbox 1577 1011 1585 1026; x_wconf 46' lang='lat'>‚</span> <span class='ocrx_word' id='word_1_79' title='bbox 1670 1011 1677 1026; x_wconf 91' lang='lat'><strong>.</strong></span> 
     </span>
     <span class='ocr_line' id='line_1_8' title="bbox 145 1008 1766 1138; baseline -0.01 -14"><span class='ocrx_word' id='word_1_80' title='bbox 145 1055 661 1138; x_wconf 86' lang='lat' dir='ltr'>interdicti,quiaistispecialiter</span> <span class='ocrx_word' id='word_1_81' title='bbox 671 1051 833 1116; x_wconf 87' lang='lat' dir='ltr'>interdicti</span> <span class='ocrx_word' id='word_1_82' title='bbox 844 1057 929 1114; x_wconf 82' lang='lat' dir='ltr'>sunt</span> <span class='ocrx_word' id='word_1_83' title='bbox 979 1008 1105 1083; x_wconf 53' lang='lat' dir='ltr'>W·-</span> <span class='ocrx_word' id='word_1_84' title='bbox 1128 1011 1195 1080; x_wconf 65' lang='lat'>⁰¹¹²</span> <span class='ocrx_word' id='word_1_85' title='bbox 1221 1019 1257 1068; x_wconf 75' lang='lat'>⁵¹²</span> <span class='ocrx_word' id='word_1_86' title='bbox 1287 1027 1368 1084; x_wconf 50' lang='grc' dir='ltr'>ΨΜ</span> <span class='ocrx_word' id='word_1_87' title='bbox 1396 1011 1557 1068; x_wconf 62' lang='lat' dir='ltr'><strong>v¹⁰¹²¹¹²¹¹¹¹¹¹</strong></span> <span class='ocrx_word' id='word_1_88' title='bbox 1578 1011 1766 1068; x_wconf 67' lang='lat' dir='ltr'>&#39;¹¹⁸⁸‘d¹⁰²¹¹¹¹¹·</span> 
     </span>
     <span class='ocr_line' id='line_1_9' title="bbox 145 1146 1767 1236; baseline -0.01 -11"><span class='ocrx_word' id='word_1_89' title='bbox 145 1165 225 1226; x_wconf 81' lang='lat' dir='ltr'>item</span> <span class='ocrx_word' id='word_1_90' title='bbox 254 1177 319 1224; x_wconf 89' lang='lat' dir='ltr'>non</span> <span class='ocrx_word' id='word_1_91' title='bbox 340 1157 459 1223; x_wconf 90' lang='lat' dir='ltr'>debent</span> <span class='ocrx_word' id='word_1_92' title='bbox 482 1155 607 1220; x_wconf 89' lang='lat' dir='ltr'>admitti</span> <span class='ocrx_word' id='word_1_93' title='bbox 623 1154 731 1220; x_wconf 89' lang='lat' dir='ltr'>clerici</span> <span class='ocrx_word' id='word_1_94' title='bbox 755 1152 930 1236; x_wconf 75' lang='lat' dir='ltr'>conjugati.</span> <span class='ocrx_word' id='word_1_95' title='bbox 1019 1146 1195 1210; x_wconf 73' lang='lat' dir='ltr'>idulium</span> <span class='ocrx_word' id='word_1_96' title='bbox 1217 1147 1426 1212; x_wconf 89' lang='lat' dir='ltr'>interdictum</span> <span class='ocrx_word' id='word_1_97' title='bbox 1456 1146 1517 1210; x_wconf 88' lang='lat' dir='ltr'>loci</span> <span class='ocrx_word' id='word_1_98' title='bbox 1543 1147 1678 1228; x_wconf 78' lang='lat' dir='ltr'>obligat,</span> <span class='ocrx_word' id='word_1_99' title='bbox 1706 1163 1767 1210; x_wconf 88' lang='lat' dir='ltr'>nac</span> 
     </span>
     <span class='ocr_line' id='line_1_10' title="bbox 183 1247 1827 1339; baseline -0.011 -14"><span class='ocrx_word' id='word_1_100' title='bbox 183 1264 240 1326; x_wconf 90' lang='lat' dir='ltr'>lli.</span> <span class='ocrx_word' id='word_1_101' title='bbox 281 1262 406 1322; x_wconf 81' lang='lat' dir='ltr'>Tertius</span> <span class='ocrx_word' id='word_1_102' title='bbox 441 1259 636 1339; x_wconf 79' lang='lat' dir='ltr'>effectusest</span> <span class='ocrx_word' id='word_1_103' title='bbox 667 1255 802 1336; x_wconf 76' lang='lat' dir='ltr'><strong>privatio</strong></span> <span class='ocrx_word' id='word_1_104' title='bbox 830 1254 933 1318; x_wconf 89' lang='lat' dir='ltr'>activa</span> <span class='ocrx_word' id='word_1_105' title='bbox 979 1248 1101 1311; x_wconf 89' lang='lat' dir='ltr'>servavi</span> <span class='ocrx_word' id='word_1_106' title='bbox 1117 1248 1224 1324; x_wconf 85' lang='lat' dir='ltr'>debet,</span> <span class='ocrx_word' id='word_1_107' title='bbox 1246 1248 1308 1310; x_wconf 91' lang='lat' dir='ltr'>nisi</span> <span class='ocrx_word' id='word_1_108' title='bbox 1324 1249 1367 1312; x_wconf 89' lang='lat' dir='ltr'>sit</span> <span class='ocrx_word' id='word_1_109' title='bbox 1384 1249 1575 1311; x_wconf 88' lang='lat' dir='ltr'>nominatim</span> <span class='ocrx_word' id='word_1_110' title='bbox 1589 1247 1768 1310; x_wconf 88' lang='lat' dir='ltr'>denuntia·</span> <span class='ocrx_word' id='word_1_111' title='bbox 1823 1270 1827 1278; x_wconf 93' lang='lat'>·</span> 
     </span>
     <span class='ocr_line' id='line_1_11' title="bbox 144 1347 1767 1444; baseline -0.004 -28"><span class='ocrx_word' id='word_1_112' title='bbox 144 1371 175 1426; x_wconf 66' lang='lat' dir='ltr'>aa</span> <span class='ocrx_word' id='word_1_113' title='bbox 195 1361 319 1444; x_wconf 63' lang='lat' dir='ltr'>passiva</span> <span class='ocrx_word' id='word_1_114' title='bbox 337 1358 744 1439; x_wconf 66' lang='lat' dir='ltr'>acclesiflrtcaeseputturae,</span> <span class='ocrx_word' id='word_1_115' title='bbox 766 1357 812 1437; x_wconf 68' lang='lat' dir='ltr'>(c,</span> <span class='ocrx_word' id='word_1_116' title='bbox 838 1354 931 1432; x_wconf 68' lang='lat' dir='ltr'>Quod</span> <span class='ocrx_word' id='word_1_117' title='bbox 980 1352 1062 1426; x_wconf 91' lang='lat' dir='ltr'>tum,</span> <span class='ocrx_word' id='word_1_118' title='bbox 1078 1347 1164 1412; x_wconf 90' lang='lat' dir='ltr'>sicut</span> <span class='ocrx_word' id='word_1_119' title='bbox 1179 1365 1237 1412; x_wconf 91' lang='lat' dir='ltr'>nec</span> <span class='ocrx_word' id='word_1_120' title='bbox 1265 1349 1474 1414; x_wconf 88' lang='lat' dir='ltr'>interdictum</span> <span class='ocrx_word' id='word_1_121' title='bbox 1491 1365 1656 1429; x_wconf 86' lang='lat' dir='ltr'>persoure;</span> <span class='ocrx_word' id='word_1_122' title='bbox 1674 1350 1767 1412; x_wconf 89' lang='lat' dir='ltr'>itaut</span> 
     </span>
     <span class='ocr_line' id='line_1_12' title="bbox 142 1449 1769 1540; baseline -0.01 -13"><span class='ocrx_word' id='word_1_123' title='bbox 142 1466 177 1527; x_wconf 86' lang='lat' dir='ltr'>in</span> <span class='ocrx_word' id='word_1_124' title='bbox 191 1472 219 1526; x_wconf 87' lang='lat' dir='ltr'>te</span> <span class='ocrx_word' id='word_1_125' title='bbox 239 1462 287 1532; x_wconf 83' lang='lat'>11.</span> <span class='ocrx_word' id='word_1_126' title='bbox 305 1461 352 1522; x_wconf 80' lang='lat' dir='ltr'>Dr</span> <span class='ocrx_word' id='word_1_127' title='bbox 377 1461 488 1540; x_wconf 84' lang='lat' dir='ltr'>ponit.</span> <span class='ocrx_word' id='word_1_128' title='bbox 518 1467 548 1519; x_wconf 86' lang='grc' dir='ltr'>ει</span> <span class='ocrx_word' id='word_1_129' title='bbox 578 1458 779 1527; x_wconf 76' lang='lat' dir='ltr'>remissione:</span> <span class='ocrx_word' id='word_1_130' title='bbox 797 1475 824 1520; x_wconf 92' lang='lat' dir='ltr'>c.</span> <span class='ocrx_word' id='word_1_131' title='bbox 854 1456 932 1519; x_wconf 81' lang='lat' dir='ltr'>Cum</span> <span class='ocrx_word' id='word_1_132' title='bbox 979 1467 1045 1514; x_wconf 88' lang='lat' dir='ltr'>uun</span> <span class='ocrx_word' id='word_1_133' title='bbox 1069 1449 1299 1529; x_wconf 87' lang='lat' dir='ltr'>prohibeamur</span> <span class='ocrx_word' id='word_1_134' title='bbox 1320 1451 1557 1514; x_wconf 89' lang='lat' dir='ltr'>communicare</span> <span class='ocrx_word' id='word_1_135' title='bbox 1576 1467 1649 1514; x_wconf 91' lang='lat' dir='ltr'>cum</span> <span class='ocrx_word' id='word_1_136' title='bbox 1668 1450 1769 1513; x_wconf 84' lang='lat' dir='ltr'>inter·</span> 
     </span>
     <span class='ocr_line' id='line_1_13' title="bbox 144 1550 1767 1643; baseline -0.006 -19"><span class='ocrx_word' id='word_1_137' title='bbox 144 1574 171 1626; x_wconf 86' lang='lat' dir='ltr'>et</span> <span class='ocrx_word' id='word_1_138' title='bbox 186 1562 332 1643; x_wconf 80' lang='lat' dir='ltr'>plantare</span> <span class='ocrx_word' id='word_1_139' title='bbox 346 1561 378 1634; x_wconf 88' lang='lat'>3,</span> <span class='ocrx_word' id='word_1_140' title='bbox 396 1560 623 1642; x_wconf 64' lang='lat' dir='ltr'>capritanae</span> <span class='ocrx_word' id='word_1_141' title='bbox 652 1565 683 1622; x_wconf 88' lang='grc' dir='ltr'>ει</span> <span class='ocrx_word' id='word_1_142' title='bbox 699 1577 726 1622; x_wconf 87' lang='grc' dir='ltr'>ε.</span> <span class='ocrx_word' id='word_1_143' title='bbox 752 1559 931 1639; x_wconf 82' lang='lat' dir='ltr'>Episcopo·</span> <span class='ocrx_word' id='word_1_144' title='bbox 979 1550 1076 1627; x_wconf 92' lang='lat' dir='ltr'>dicto,</span> <span class='ocrx_word' id='word_1_145' title='bbox 1108 1568 1250 1630; x_wconf 90' lang='lat' dir='ltr'>eumque</span> <span class='ocrx_word' id='word_1_146' title='bbox 1276 1566 1340 1614; x_wconf 91' lang='lat' dir='ltr'>nou</span> <span class='ocrx_word' id='word_1_147' title='bbox 1362 1558 1531 1613; x_wconf 87' lang='lat' dir='ltr'>teneamur</span> <span class='ocrx_word' id='word_1_148' title='bbox 1554 1550 1767 1614; x_wconf 78' lang='lat' dir='ltr'>excluderet</span> 
     </span>
     <span class='ocr_line' id='line_1_14' title="bbox 140 1651 1770 1736; baseline -0.005 -12"><span class='ocrx_word' id='word_1_149' title='bbox 140 1682 214 1724; x_wconf 84' lang='lat' dir='ltr'>rum</span> <span class='ocrx_word' id='word_1_150' title='bbox 227 1663 258 1736; x_wconf 91' lang='lat'>8,</span> <span class='ocrx_word' id='word_1_151' title='bbox 274 1661 391 1736; x_wconf 73' lang='lat' dir='ltr'>codic</span> <span class='ocrx_word' id='word_1_152' title='bbox 411 1660 446 1734; x_wconf 77' lang='lat'>63</span> <span class='ocrx_word' id='word_1_153' title='bbox 462 1667 493 1722; x_wconf 89' lang='lat' dir='ltr'>et</span> <span class='ocrx_word' id='word_1_154' title='bbox 519 1676 547 1720; x_wconf 89' lang='lat' dir='ltr'>c.</span> <span class='ocrx_word' id='word_1_155' title='bbox 575 1657 666 1720; x_wconf 78' lang='lat' dir='ltr'>aime</span> <span class='ocrx_word' id='word_1_156' title='bbox 692 1663 811 1732; x_wconf 64' lang='lat' dir='ltr'>mutem</span> <span class='ocrx_word' id='word_1_157' title='bbox 838 1674 866 1718; x_wconf 86' lang='lat' dir='ltr'>e.</span> <span class='ocrx_word' id='word_1_158' title='bbox 895 1655 932 1717; x_wconf 83' lang='lat' dir='ltr'>Si</span> <span class='ocrx_word' id='word_1_159' title='bbox 978 1651 1111 1728; x_wconf 91' lang='lat' dir='ltr'>divinis,</span> <span class='ocrx_word' id='word_1_160' title='bbox 1127 1652 1160 1715; x_wconf 91' lang='lat' dir='ltr'>in</span> <span class='ocrx_word' id='word_1_161' title='bbox 1176 1668 1266 1716; x_wconf 90' lang='lat' dir='ltr'>sacro</span> <span class='ocrx_word' id='word_1_162' title='bbox 1283 1668 1347 1717; x_wconf 90' lang='lat' dir='ltr'>nou</span> <span class='ocrx_word' id='word_1_163' title='bbox 1364 1651 1524 1731; x_wconf 85' lang='lat' dir='ltr'>sepelire,</span> <span class='ocrx_word' id='word_1_164' title='bbox 1541 1651 1603 1714; x_wconf 90' lang='lat' dir='ltr'>nisi</span> <span class='ocrx_word' id='word_1_165' title='bbox 1623 1652 1770 1716; x_wconf 87' lang='lat' dir='ltr'>uomina·</span> 
     </span>
     <span class='ocr_line' id='line_1_15' title="bbox 143 1752 1768 1837; baseline -0.007 -12"><span class='ocrx_word' id='word_1_166' title='bbox 143 1753 267 1836; x_wconf 78' lang='lat' dir='ltr'>civitot,</span> <span class='ocrx_word' id='word_1_167' title='bbox 287 1761 430 1822; x_wconf 81' lang='lat' dir='ltr'>Deserat.</span> <span class='ocrx_word' id='word_1_168' title='bbox 449 1755 691 1837; x_wconf 82' lang='grc' dir='ltr'>ειιεοιει.,ιιι6.)</span> <span class='ocrx_word' id='word_1_169' title='bbox 722 1757 851 1820; x_wconf 78' lang='lat' dir='ltr'>Certum</span> <span class='ocrx_word' id='word_1_170' title='bbox 869 1762 930 1828; x_wconf 91' lang='grc' dir='ltr'>εει,</span> <span class='ocrx_word' id='word_1_171' title='bbox 978 1753 1035 1814; x_wconf 90' lang='lat' dir='ltr'>tim</span> <span class='ocrx_word' id='word_1_172' title='bbox 1052 1752 1094 1815; x_wconf 93' lang='lat' dir='ltr'>sit</span> <span class='ocrx_word' id='word_1_173' title='bbox 1114 1753 1335 1816; x_wconf 88' lang='lat' dir='ltr'>denuntiatus.</span> <span class='ocrx_word' id='word_1_174' title='bbox 1362 1755 1400 1816; x_wconf 83' lang='lat' dir='ltr'>tat</span> <span class='ocrx_word' id='word_1_175' title='bbox 1423 1759 1593 1831; x_wconf 88' lang='lat' dir='ltr'>propterea</span> <span class='ocrx_word' id='word_1_176' title='bbox 1614 1767 1768 1831; x_wconf 89' lang='lat' dir='ltr'>persona·</span> 
     </span>
     <span class='ocr_line' id='line_1_16' title="bbox 143 1851 1836 1936; baseline -0.004 -16"><span class='ocrx_word' id='word_1_177' title='bbox 143 1868 287 1936; x_wconf 90' lang='lat' dir='ltr'>tempore</span> <span class='ocrx_word' id='word_1_178' title='bbox 303 1856 463 1918; x_wconf 74' lang='lat' dir='ltr'>interdicti</span> <span class='ocrx_word' id='word_1_179' title='bbox 488 1853 663 1934; x_wconf 78' lang='lat' dir='ltr'>generalis,</span> <span class='ocrx_word' id='word_1_180' title='bbox 689 1860 744 1916; x_wconf 91' lang='lat' dir='ltr'>aut</span> <span class='ocrx_word' id='word_1_181' title='bbox 767 1851 930 1932; x_wconf 85' lang='lat' dir='ltr'>specialis,</span> <span class='ocrx_word' id='word_1_182' title='bbox 979 1852 1053 1915; x_wconf 91' lang='lat' dir='ltr'>liter</span> <span class='ocrx_word' id='word_1_183' title='bbox 1068 1852 1245 1930; x_wconf 74' lang='lat' dir='ltr'>interdicti,</span> <span class='ocrx_word' id='word_1_184' title='bbox 1261 1852 1457 1917; x_wconf 87' lang='lat' dir='ltr'>siveclerioi</span> <span class='ocrx_word' id='word_1_185' title='bbox 1480 1853 1560 1928; x_wconf 92' lang='lat' dir='ltr'>siut,</span> <span class='ocrx_word' id='word_1_186' title='bbox 1584 1853 1654 1916; x_wconf 85' lang='lat' dir='ltr'>sire</span> <span class='ocrx_word' id='word_1_187' title='bbox 1680 1852 1767 1924; x_wconf 90' lang='lat' dir='ltr'>laici,</span> <span class='ocrx_word' id='word_1_188' title='bbox 1834 1893 1836 1900; x_wconf 89' lang='lat'>-</span> 
     </span>
     <span class='ocr_line' id='line_1_17' title="bbox 144 1949 1768 2038; baseline -0.004 -18"><span class='ocrx_word' id='word_1_189' title='bbox 144 1957 336 2038; x_wconf 89' lang='lat' dir='ltr'>personalis,</span> <span class='ocrx_word' id='word_1_190' title='bbox 353 1964 407 2018; x_wconf 94' lang='lat' dir='ltr'>aut</span> <span class='ocrx_word' id='word_1_191' title='bbox 424 1955 549 2032; x_wconf 92' lang='lat' dir='ltr'>localis,</span> <span class='ocrx_word' id='word_1_192' title='bbox 565 1953 593 2017; x_wconf 90' lang='lat' dir='ltr'>si</span> <span class='ocrx_word' id='word_1_193' title='bbox 619 1952 810 2032; x_wconf 89' lang='lat' dir='ltr'>simpliciter</span> <span class='ocrx_word' id='word_1_194' title='bbox 831 1951 930 2014; x_wconf 90' lang='lat' dir='ltr'>latum</span> <span class='ocrx_word' id='word_1_195' title='bbox 977 1954 1006 2016; x_wconf 90' lang='lat' dir='ltr'>si</span> <span class='ocrx_word' id='word_1_196' title='bbox 1034 1953 1214 2016; x_wconf 85' lang='lat' dir='ltr'>denuntiati</span> <span class='ocrx_word' id='word_1_197' title='bbox 1239 1969 1304 2016; x_wconf 89' lang='lat' dir='ltr'>non</span> <span class='ocrx_word' id='word_1_198' title='bbox 1325 1949 1402 2028; x_wconf 87' lang='lat' dir='ltr'>sint,</span> <span class='ocrx_word' id='word_1_199' title='bbox 1420 1971 1478 2018; x_wconf 89' lang='lat' dir='ltr'>nec</span> <span class='ocrx_word' id='word_1_200' title='bbox 1497 1949 1678 2017; x_wconf 86' lang='lat' dir='ltr'>moriautur</span> <span class='ocrx_word' id='word_1_201' title='bbox 1706 1953 1768 2014; x_wconf 91' lang='lat' dir='ltr'>im·</span> 
     </span>
     <span class='ocr_line' id='line_1_18' title="bbox 142 2053 1769 2138; baseline -0.003 -18"><span class='ocrx_word' id='word_1_202' title='bbox 142 2057 187 2120; x_wconf 91' lang='lat' dir='ltr'>sit</span> <span class='ocrx_word' id='word_1_203' title='bbox 201 2057 323 2138; x_wconf 88' lang='lat' dir='ltr'>absquo</span> <span class='ocrx_word' id='word_1_204' title='bbox 350 2056 567 2133; x_wconf 84' lang='lat' dir='ltr'>restrictione,</span> <span class='ocrx_word' id='word_1_205' title='bbox 590 2054 841 2118; x_wconf 88' lang='lat' dir='ltr'>ecclesiasticam</span> <span class='ocrx_word' id='word_1_206' title='bbox 873 2069 927 2114; x_wconf 91' lang='lat' dir='ltr'>se·</span> <span class='ocrx_word' id='word_1_207' title='bbox 984 2053 1336 2134; x_wconf 84' lang='lat' dir='ltr'>poenitentes,possunt</span> <span class='ocrx_word' id='word_1_208' title='bbox 1351 2053 1384 2116; x_wconf 94' lang='lat' dir='ltr'>in</span> <span class='ocrx_word' id='word_1_209' title='bbox 1403 2053 1474 2116; x_wconf 92' lang='lat' dir='ltr'>loco</span> <span class='ocrx_word' id='word_1_210' title='bbox 1489 2069 1656 2116; x_wconf 90' lang='lat' dir='ltr'>sacrouou</span> <span class='ocrx_word' id='word_1_211' title='bbox 1669 2053 1769 2116; x_wconf 88' lang='lat' dir='ltr'>inter·</span> 
     </span>
     <span class='ocr_line' id='line_1_19' title="bbox 143 2151 1769 2234; baseline -0.001 -16"><span class='ocrx_word' id='word_1_212' title='bbox 143 2156 305 2234; x_wconf 90' lang='lat' dir='ltr'>pulturam</span> <span class='ocrx_word' id='word_1_213' title='bbox 321 2153 355 2217; x_wconf 90' lang='lat' dir='ltr'>in</span> <span class='ocrx_word' id='word_1_214' title='bbox 379 2155 449 2220; x_wconf 85' lang='lat' dir='ltr'>loeo</span> <span class='ocrx_word' id='word_1_215' title='bbox 465 2169 559 2216; x_wconf 88' lang='lat' dir='ltr'>sacro</span> <span class='ocrx_word' id='word_1_216' title='bbox 580 2153 730 2216; x_wconf 88' lang='lat' dir='ltr'>ildelibus</span> <span class='ocrx_word' id='word_1_217' title='bbox 752 2152 930 2232; x_wconf 87' lang='lat' dir='ltr'>prohiberi,</span> <span class='ocrx_word' id='word_1_218' title='bbox 979 2152 1065 2215; x_wconf 92' lang='lat' dir='ltr'>dicto</span> <span class='ocrx_word' id='word_1_219' title='bbox 1080 2151 1213 2232; x_wconf 89' lang='lat' dir='ltr'>sepeliri</span> <span class='ocrx_word' id='word_1_220' title='bbox 1231 2169 1239 2215; x_wconf 93' lang='lat'><strong>:</strong></span> <span class='ocrx_word' id='word_1_221' title='bbox 1255 2153 1333 2233; x_wconf 91' lang='lat' dir='ltr'>quia</span> <span class='ocrx_word' id='word_1_222' title='bbox 1357 2154 1478 2231; x_wconf 91' lang='lat' dir='ltr'>quibus</span> <span class='ocrx_word' id='word_1_223' title='bbox 1490 2151 1574 2215; x_wconf 89' lang='lat' dir='ltr'>vivis</span> <span class='ocrx_word' id='word_1_224' title='bbox 1589 2154 1769 2216; x_wconf 88' lang='lat' dir='ltr'>communi·</span> 
     </span>
    </p>
   </div>
   <div class='ocr_carea' id='block_1_3' title="bbox 144 2251 1874 2330">
    <p class='ocr_par' dir='ltr' id='par_1_3' title="bbox 144 2251 1874 2330">
     <span class='ocr_line' id='line_1_20' title="bbox 144 2251 1874 2330; baseline 0 -14"><span class='ocrx_word' id='word_1_225' title='bbox 144 2251 930 2317; x_wconf 86' lang='lat' dir='ltr'>etetiamelericisinterdictis.-Clericitamen</span> <span class='ocrx_word' id='word_1_226' title='bbox 979 2253 1176 2330; x_wconf 87' lang='lat' dir='ltr'>uicavimus,</span> <span class='ocrx_word' id='word_1_227' title='bbox 1217 2255 1315 2319; x_wconf 89' lang='lat' dir='ltr'>etiam</span> <span class='ocrx_word' id='word_1_228' title='bbox 1351 2254 1489 2318; x_wconf 88' lang='lat' dir='ltr'>mortuis</span> <span class='ocrx_word' id='word_1_229' title='bbox 1527 2254 1768 2316; x_wconf 87' lang='lat' dir='ltr'>communicare</span> <span class='ocrx_word' id='word_1_230' title='bbox 1871 2278 1874 2284; x_wconf 94' lang='lat'>·</span> 
     </span>
    </p>
   </div>
   <div class='ocr_carea' id='block_1_4' title="bbox 141 2346 1767 2624">
    <p class='ocr_par' dir='ltr' id='par_1_4' title="bbox 141 2346 1767 2624">
     <span class='ocr_line' id='line_1_21' title="bbox 143 2346 1766 2436; baseline 0.004 -26"><span class='ocrx_word' id='word_1_231' title='bbox 143 2346 328 2426; x_wconf 80' lang='lat' dir='ltr'>specialiter</span> <span class='ocrx_word' id='word_1_232' title='bbox 355 2365 420 2412; x_wconf 92' lang='lat' dir='ltr'>non</span> <span class='ocrx_word' id='word_1_233' title='bbox 445 2348 624 2422; x_wconf 85' lang='lat' dir='ltr'>interdicti,</span> <span class='ocrx_word' id='word_1_234' title='bbox 648 2350 704 2429; x_wconf 91' lang='lat' dir='ltr'>qui</span> <span class='ocrx_word' id='word_1_235' title='bbox 722 2350 930 2415; x_wconf 86' lang='lat' dir='ltr'>interdictum</span> <span class='ocrx_word' id='word_1_236' title='bbox 979 2370 1169 2435; x_wconf 90' lang='lat' dir='ltr'>possumus,</span> <span class='ocrx_word' id='word_1_237' title='bbox 1178 2362 1213 2417; x_wconf 95' lang='lat' dir='ltr'>ut</span> <span class='ocrx_word' id='word_1_238' title='bbox 1233 2355 1340 2436; x_wconf 90' lang='lat' dir='ltr'>inquit</span> <span class='ocrx_word' id='word_1_239' title='bbox 1355 2371 1458 2417; x_wconf 89' lang='lat' dir='ltr'>canon</span> <span class='ocrx_word' id='word_1_240' title='bbox 1471 2353 1551 2416; x_wconf 83' lang='lat' dir='ltr'>Scae</span> <span class='ocrx_word' id='word_1_241' title='bbox 1567 2355 1597 2428; x_wconf 82' lang='lat'>6,</span> <span class='ocrx_word' id='word_1_242' title='bbox 1613 2353 1766 2429; x_wconf 68' lang='lat' dir='ltr'>causabls,</span> 
     </span>
     <span class='ocr_line' id='line_1_22' title="bbox 142 2447 1766 2536; baseline 0.006 -29"><span class='ocrx_word' id='word_1_243' title='bbox 142 2453 365 2518; x_wconf 88' lang='lat' dir='ltr'>servaverunt,</span> <span class='ocrx_word' id='word_1_244' title='bbox 386 2463 445 2510; x_wconf 91' lang='lat' dir='ltr'>nec</span> <span class='ocrx_word' id='word_1_245' title='bbox 467 2447 517 2508; x_wconf 91' lang='lat' dir='ltr'>illi</span> <span class='ocrx_word' id='word_1_246' title='bbox 534 2463 663 2512; x_wconf 87' lang='lat' dir='ltr'>causam</span> <span class='ocrx_word' id='word_1_247' title='bbox 680 2449 851 2524; x_wconf 86' lang='lat' dir='ltr'>dederuut,</span> <span class='ocrx_word' id='word_1_248' title='bbox 871 2467 932 2512; x_wconf 90' lang='lat' dir='ltr'>nec</span> <span class='ocrx_word' id='word_1_249' title='bbox 978 2455 1136 2536; x_wconf 66' lang='lat' dir='ltr'>quaestu.</span> <span class='ocrx_word' id='word_1_250' title='bbox 1166 2455 1315 2536; x_wconf 72' lang='lat' dir='ltr'>(liuram.</span> <span class='ocrx_word' id='word_1_251' title='bbox 1346 2457 1508 2530; x_wconf 75' lang='lat' dir='ltr'>Plautum,</span> <span class='ocrx_word' id='word_1_252' title='bbox 1534 2456 1766 2524; x_wconf 72' lang='lat' dir='ltr'>Nrcousnsetc.</span> 
     </span>
     <span class='ocr_line' id='line_1_23' title="bbox 141 2545 1767 2624; baseline 0.007 -15"><span class='ocrx_word' id='word_1_253' title='bbox 141 2546 257 2610; x_wconf 89' lang='lat' dir='ltr'>illicita</span> <span class='ocrx_word' id='word_1_254' title='bbox 274 2547 376 2612; x_wconf 87' lang='lat' dir='ltr'>divini</span> <span class='ocrx_word' id='word_1_255' title='bbox 405 2545 502 2610; x_wconf 89' lang='lat' dir='ltr'>ollicii</span> <span class='ocrx_word' id='word_1_256' title='bbox 519 2549 738 2614; x_wconf 87' lang='lat' dir='ltr'>celebratione</span> <span class='ocrx_word' id='word_1_257' title='bbox 757 2550 839 2613; x_wconf 90' lang='lat' dir='ltr'>illud</span> <span class='ocrx_word' id='word_1_258' title='bbox 861 2552 930 2615; x_wconf 91' lang='lat' dir='ltr'>vio·</span> <span class='ocrx_word' id='word_1_259' title='bbox 1017 2560 1058 2624; x_wconf 88' lang='grc' dir='ltr'>ιι,</span> <span class='ocrx_word' id='word_1_260' title='bbox 1080 2560 1183 2623; x_wconf 77' lang='lat' dir='ltr'>Latois</span> <span class='ocrx_word' id='word_1_261' title='bbox 1208 2558 1405 2622; x_wconf 74' lang='lat' dir='ltr'>violantibus</span> <span class='ocrx_word' id='word_1_262' title='bbox 1437 2558 1647 2622; x_wconf 89' lang='lat' dir='ltr'>interdictum</span> <span class='ocrx_word' id='word_1_263' title='bbox 1675 2555 1767 2620; x_wconf 92' lang='lat' dir='ltr'>nulla</span> 
     </span>
    </p>
   </div>
   <div class='ocr_carea' id='block_1_5' title="bbox 143 2648 1769 2842">
    <p class='ocr_par' dir='ltr' id='par_1_5' title="bbox 143 2648 1769 2842">
     <span class='ocr_line' id='line_1_24' title="bbox 143 2648 1768 2742; baseline 0.005 -32"><span class='ocrx_word' id='word_1_264' title='bbox 143 2649 263 2725; x_wconf 88' lang='lat' dir='ltr'>larunt,</span> <span class='ocrx_word' id='word_1_265' title='bbox 285 2655 420 2728; x_wconf 89' lang='lat' dir='ltr'>possunt</span> <span class='ocrx_word' id='word_1_266' title='bbox 447 2649 480 2712; x_wconf 94' lang='lat' dir='ltr'>in</span> <span class='ocrx_word' id='word_1_267' title='bbox 496 2648 690 2724; x_wconf 76' lang='lat' dir='ltr'>caemeterio,</span> <span class='ocrx_word' id='word_1_268' title='bbox 712 2665 748 2714; x_wconf 87' lang='lat' dir='ltr'>ac</span> <span class='ocrx_word' id='word_1_269' title='bbox 773 2649 869 2713; x_wconf 89' lang='lat' dir='ltr'>etiam</span> <span class='ocrx_word' id='word_1_270' title='bbox 896 2649 930 2712; x_wconf 92' lang='lat' dir='ltr'>iu</span> <span class='ocrx_word' id='word_1_271' title='bbox 978 2669 1064 2726; x_wconf 66' lang='lat' dir='ltr'>corta</span> <span class='ocrx_word' id='word_1_272' title='bbox 1097 2677 1188 2740; x_wconf 68' lang='lat' dir='ltr'>poena</span> <span class='ocrx_word' id='word_1_273' title='bbox 1220 2661 1292 2741; x_wconf 82' lang='lat' dir='ltr'>ipso</span> <span class='ocrx_word' id='word_1_274' title='bbox 1319 2660 1407 2742; x_wconf 77' lang='lat' dir='ltr'>jure.</span> <span class='ocrx_word' id='word_1_275' title='bbox 1424 2659 1528 2740; x_wconf 83' lang='lat' dir='ltr'>posita</span> <span class='ocrx_word' id='word_1_276' title='bbox 1552 2666 1629 2733; x_wconf 87' lang='lat' dir='ltr'>est,</span> <span class='ocrx_word' id='word_1_277' title='bbox 1653 2667 1768 2738; x_wconf 78' lang='lat' dir='ltr'>praeter</span> 
     </span>
     <span class='ocr_line' id='line_1_25' title="bbox 144 2749 1769 2842; baseline 0.005 -28"><span class='ocrx_word' id='word_1_278' title='bbox 144 2749 281 2814; x_wconf 75' lang='lat' dir='ltr'>ecclesia</span> <span class='ocrx_word' id='word_1_279' title='bbox 298 2750 547 2831; x_wconf 70' lang='lat' dir='ltr'>sepelir130um</span> <span class='ocrx_word' id='word_1_280' title='bbox 565 2751 697 2814; x_wconf 74' lang='lat' dir='ltr'>silentio</span> <span class='ocrx_word' id='word_1_281' title='bbox 713 2757 833 2828; x_wconf 81' lang='lat' dir='ltr'>lamen,</span> <span class='ocrx_word' id='word_1_282' title='bbox 858 2752 930 2815; x_wconf 78' lang='lat' dir='ltr'>sina</span> <span class='ocrx_word' id='word_1_283' title='bbox 978 2769 1117 2842; x_wconf 82' lang='lat' dir='ltr'>quatuor</span> <span class='ocrx_word' id='word_1_284' title='bbox 1141 2779 1236 2825; x_wconf 78' lang='lat' dir='ltr'>casus</span> <span class='ocrx_word' id='word_1_285' title='bbox 1257 2779 1298 2826; x_wconf 82' lang='lat' dir='ltr'>ex</span> <span class='ocrx_word' id='word_1_286' title='bbox 1329 2761 1487 2826; x_wconf 85' lang='lat' dir='ltr'>Clemenl.</span> <span class='ocrx_word' id='word_1_287' title='bbox 1519 2761 1634 2824; x_wconf 81' lang='lat' dir='ltr'>Gravis</span> <span class='ocrx_word' id='word_1_288' title='bbox 1664 2760 1702 2838; x_wconf 72' lang='lat'>2,</span> <span class='ocrx_word' id='word_1_289' title='bbox 1726 2762 1769 2823; x_wconf 82' lang='lat' dir='ltr'>De</span> 
     </span>
    </p>
   </div>
   <div class='ocr_carea' id='block_1_6' title="bbox 143 2850 931 3034">
    <p class='ocr_par' dir='ltr' id='par_1_6' title="bbox 143 2850 931 3034">
     <span class='ocr_line' id='line_1_26' title="bbox 145 2850 931 2934; baseline 0.009 -21"><span class='ocrx_word' id='word_1_290' title='bbox 145 2850 327 2930; x_wconf 80' lang='lat' dir='ltr'>pulsatione</span> <span class='ocrx_word' id='word_1_291' title='bbox 345 2868 585 2930; x_wconf 88' lang='lat' dir='ltr'>campanarum,</span> <span class='ocrx_word' id='word_1_292' title='bbox 612 2861 643 2916; x_wconf 90' lang='lat' dir='ltr'>et</span> <span class='ocrx_word' id='word_1_293' title='bbox 660 2852 782 2934; x_wconf 90' lang='lat' dir='ltr'>absque</span> <span class='ocrx_word' id='word_1_294' title='bbox 795 2853 862 2918; x_wconf 91' lang='lat' dir='ltr'>ulla</span> <span class='ocrx_word' id='word_1_295' title='bbox 875 2872 931 2920; x_wconf 91' lang='lat' dir='ltr'>so·</span> 
     </span>
     <span class='ocr_line' id='line_1_27' title="bbox 143 2951 649 3034; baseline 0.012 -22"><span class='ocrx_word' id='word_1_296' title='bbox 143 2951 310 3016; x_wconf 87' lang='lat' dir='ltr'>leunritate</span> <span class='ocrx_word' id='word_1_297' title='bbox 319 2954 520 3034; x_wconf 85' lang='lat' dir='ltr'>;exjuribus</span> <span class='ocrx_word' id='word_1_298' title='bbox 532 2953 649 3018; x_wconf 85' lang='lat' dir='ltr'>allatis.</span> 
     </span>
    </p>
   </div>
   <div class='ocr_carea' id='block_1_7' title="bbox 143 3051 930 3230">
    <p class='ocr_par' dir='ltr' id='par_1_7' title="bbox 143 3051 930 3230">
     <span class='ocr_line' id='line_1_28' title="bbox 182 3051 928 3132; baseline 0.008 -20"><span class='ocrx_word' id='word_1_299' title='bbox 182 3052 237 3113; x_wconf 88' lang='lat' dir='ltr'>lV.</span> <span class='ocrx_word' id='word_1_300' title='bbox 258 3051 399 3128; x_wconf 82' lang='lat' dir='ltr'>Quartus</span> <span class='ocrx_word' id='word_1_301' title='bbox 429 3054 556 3132; x_wconf 78' lang='lat' dir='ltr'>effertus</span> <span class='ocrx_word' id='word_1_302' title='bbox 581 3061 628 3116; x_wconf 88' lang='lat' dir='ltr'>est</span> <span class='ocrx_word' id='word_1_303' title='bbox 653 3053 789 3130; x_wconf 82' lang='lat' dir='ltr'>privatio</span> <span class='ocrx_word' id='word_1_304' title='bbox 807 3055 847 3118; x_wconf 90' lang='lat' dir='ltr'>ab</span> <span class='ocrx_word' id='word_1_305' title='bbox 875 3055 928 3118; x_wconf 90' lang='lat' dir='ltr'>in·</span> 
     </span>
     <span class='ocr_line' id='line_1_29' title="bbox 143 3149 930 3230; baseline 0.004 -19"><span class='ocrx_word' id='word_1_306' title='bbox 143 3165 258 3230; x_wconf 78' lang='lat' dir='ltr'>gressu</span> <span class='ocrx_word' id='word_1_307' title='bbox 283 3149 438 3213; x_wconf 70' lang='lat' dir='ltr'>ecclesiia.</span> <span class='ocrx_word' id='word_1_308' title='bbox 462 3153 509 3230; x_wconf 84' lang='lat' dir='ltr'>(C.</span> <span class='ocrx_word' id='word_1_309' title='bbox 537 3153 635 3213; x_wconf 83' lang='lat' dir='ltr'>Sacro</span> <span class='ocrx_word' id='word_1_310' title='bbox 667 3151 707 3214; x_wconf 83' lang='lat' dir='ltr'>ta</span> <span class='ocrx_word' id='word_1_311' title='bbox 739 3193 747 3223; x_wconf 89' lang='lat'>,</span> <span class='ocrx_word' id='word_1_312' title='bbox 783 3153 824 3213; x_wconf 83' lang='lat' dir='ltr'>De</span> <span class='ocrx_word' id='word_1_313' title='bbox 850 3160 930 3214; x_wconf 81' lang='lat' dir='ltr'>sent.</span> 
     </span>
    </p>
   </div>
   <div class='ocr_carea' id='block_1_8' title="bbox 92 3248 951 5737">
    <p class='ocr_par' dir='ltr' id='par_1_8' title="bbox 92 3248 951 5737">
     <span class='ocr_line' id='line_1_30' title="bbox 142 3248 930 3326; baseline 0.008 -16"><span class='ocrx_word' id='word_1_314' title='bbox 142 3264 264 3312; x_wconf 74' lang='lat' dir='ltr'>excom.</span> <span class='ocrx_word' id='word_1_315' title='bbox 279 3248 337 3314; x_wconf 89' lang='lat' dir='ltr'>lib.</span> <span class='ocrx_word' id='word_1_316' title='bbox 357 3249 544 3314; x_wconf 82' lang='lat' dir='ltr'>vDrcretel.</span> <span class='ocrx_word' id='word_1_317' title='bbox 562 3271 572 3319; x_wconf 89' lang='lat'>,·</span> <span class='ocrx_word' id='word_1_318' title='bbox 587 3269 614 3314; x_wconf 90' lang='lat' dir='ltr'>c.</span> <span class='ocrx_word' id='word_1_319' title='bbox 632 3253 662 3312; x_wconf 83' lang='lat' dir='ltr'>ts</span> <span class='ocrx_word' id='word_1_320' title='bbox 677 3253 729 3313; x_wconf 83' lang='lat' dir='ltr'>cui</span> <span class='ocrx_word' id='word_1_321' title='bbox 740 3253 792 3326; x_wconf 71' lang='lat'>20,</span> <span class='ocrx_word' id='word_1_322' title='bbox 804 3252 878 3315; x_wconf 90' lang='lat' dir='ltr'>eod.</span> <span class='ocrx_word' id='word_1_323' title='bbox 895 3251 930 3316; x_wconf 86' lang='lat' dir='ltr'>itt</span> 
     </span>
     <span class='ocr_line' id='line_1_31' title="bbox 142 3349 932 3432; baseline 0.004 -18"><span class='ocrx_word' id='word_1_324' title='bbox 142 3353 188 3426; x_wconf 85' lang='grc'>6.)</span> <span class='ocrx_word' id='word_1_325' title='bbox 204 3371 220 3410; x_wconf 76' lang='grc' dir='ltr'>ι</span> <span class='ocrx_word' id='word_1_326' title='bbox 237 3349 307 3428; x_wconf 88' lang='grc' dir='ltr'>ιιιε,</span> <span class='ocrx_word' id='word_1_327' title='bbox 329 3351 383 3414; x_wconf 92' lang='lat' dir='ltr'>cui</span> <span class='ocrx_word' id='word_1_328' title='bbox 406 3352 599 3414; x_wconf 89' lang='lat' dir='ltr'>interdictus</span> <span class='ocrx_word' id='word_1_329' title='bbox 614 3360 662 3415; x_wconf 86' lang='lat' dir='ltr'>est</span> <span class='ocrx_word' id='word_1_330' title='bbox 683 3353 852 3432; x_wconf 76' lang='lat' dir='ltr'>ingressus</span> <span class='ocrx_word' id='word_1_331' title='bbox 880 3371 932 3418; x_wconf 87' lang='lat' dir='ltr'>ec·</span> 
     </span>
     <span class='ocr_line' id='line_1_32' title="bbox 141 3449 929 3531; baseline 0.005 -20"><span class='ocrx_word' id='word_1_332' title='bbox 141 3449 261 3524; x_wconf 83' lang='lat' dir='ltr'>clesiae,</span> <span class='ocrx_word' id='word_1_333' title='bbox 281 3467 344 3513; x_wconf 91' lang='lat' dir='ltr'>nou</span> <span class='ocrx_word' id='word_1_334' title='bbox 372 3458 486 3530; x_wconf 89' lang='lat' dir='ltr'>potest,</span> <span class='ocrx_word' id='word_1_335' title='bbox 520 3452 642 3531; x_wconf 87' lang='lat' dir='ltr'>ubique</span> <span class='ocrx_word' id='word_1_336' title='bbox 658 3453 849 3531; x_wconf 87' lang='lat' dir='ltr'>reperiatur,</span> <span class='ocrx_word' id='word_1_337' title='bbox 875 3470 929 3515; x_wconf 91' lang='lat' dir='ltr'>ec-</span> 
     </span>
     <span class='ocr_line' id='line_1_33' title="bbox 92 3551 931 3636; baseline 0.012 -27"><span class='ocrx_word' id='word_1_338' title='bbox 92 3601 98 3609; x_wconf 96' lang='lat'>.</span> <span class='ocrx_word' id='word_1_339' title='bbox 143 3551 274 3615; x_wconf 87' lang='lat' dir='ltr'>clesiam</span> <span class='ocrx_word' id='word_1_340' title='bbox 299 3553 427 3633; x_wconf 80' lang='lat' dir='ltr'>ingredi</span> <span class='ocrx_word' id='word_1_341' title='bbox 444 3560 588 3631; x_wconf 87' lang='lat' dir='ltr'>tempore</span> <span class='ocrx_word' id='word_1_342' title='bbox 610 3553 804 3628; x_wconf 85' lang='lat' dir='ltr'>officiorum,</span> <span class='ocrx_word' id='word_1_343' title='bbox 823 3572 931 3636; x_wconf 88' lang='lat' dir='ltr'>nequa</span> 
     </span>
     <span class='ocr_line' id='line_1_34' title="bbox 143 3650 931 3728; baseline 0.005 -13"><span class='ocrx_word' id='word_1_344' title='bbox 143 3650 255 3715; x_wconf 91' lang='lat' dir='ltr'>diviua</span> <span class='ocrx_word' id='word_1_345' title='bbox 270 3651 387 3728; x_wconf 87' lang='lat' dir='ltr'>lacere,</span> <span class='ocrx_word' id='word_1_346' title='bbox 415 3671 475 3716; x_wconf 90' lang='lat' dir='ltr'>nec</span> <span class='ocrx_word' id='word_1_347' title='bbox 497 3653 612 3717; x_wconf 83' lang='lat' dir='ltr'>ciliciis</span> <span class='ocrx_word' id='word_1_348' title='bbox 626 3655 749 3719; x_wconf 85' lang='lat' dir='ltr'>divinis</span> <span class='ocrx_word' id='word_1_349' title='bbox 778 3658 931 3720; x_wconf 84' lang='lat' dir='ltr'>assistere</span> 
     </span>
     <span class='ocr_line' id='line_1_35' title="bbox 143 3751 932 3833; baseline 0.008 -19"><span class='ocrx_word' id='word_1_350' title='bbox 143 3753 178 3814; x_wconf 91' lang='lat' dir='ltr'>in</span> <span class='ocrx_word' id='word_1_351' title='bbox 197 3751 290 3815; x_wconf 90' lang='lat' dir='ltr'>iestis</span> <span class='ocrx_word' id='word_1_352' title='bbox 314 3752 481 3817; x_wconf 84' lang='lat' dir='ltr'>concessis</span> <span class='ocrx_word' id='word_1_353' title='bbox 502 3756 535 3816; x_wconf 91' lang='lat' dir='ltr'>in</span> <span class='ocrx_word' id='word_1_354' title='bbox 564 3774 592 3818; x_wconf 90' lang='grc' dir='ltr'>ε.</span> <span class='ocrx_word' id='word_1_355' title='bbox 624 3755 716 3817; x_wconf 81' lang='lat' dir='ltr'>Atura</span> <span class='ocrx_word' id='word_1_356' title='bbox 742 3766 866 3833; x_wconf 77' lang='lat' dir='ltr'>morer,</span> <span class='ocrx_word' id='word_1_357' title='bbox 889 3758 932 3820; x_wconf 84' lang='lat' dir='ltr'>lie</span> 
     </span>
     <span class='ocr_line' id='line_1_36' title="bbox 142 3853 951 3938; baseline 0.006 -23"><span class='ocrx_word' id='word_1_358' title='bbox 142 3861 359 3916; x_wconf 69' lang='lat' dir='ltr'>centauream.</span> <span class='ocrx_word' id='word_1_359' title='bbox 386 3853 421 3916; x_wconf 91' lang='lat' dir='ltr'>in</span> <span class='ocrx_word' id='word_1_360' title='bbox 436 3855 476 3928; x_wconf 67' lang='lat' dir='ltr'>aa</span> <span class='ocrx_word' id='word_1_361' title='bbox 495 3871 599 3934; x_wconf 90' lang='lat' dir='ltr'>neque</span> <span class='ocrx_word' id='word_1_362' title='bbox 619 3855 696 3918; x_wconf 89' lang='lat' dir='ltr'>dum</span> <span class='ocrx_word' id='word_1_363' title='bbox 721 3857 830 3920; x_wconf 91' lang='lat' dir='ltr'>divina</span> <span class='ocrx_word' id='word_1_364' title='bbox 849 3857 951 3938; x_wconf 16' lang='lat' dir='ltr'>cele-y</span> 
     </span>
     <span class='ocr_line' id='line_1_37' title="bbox 145 3956 931 4033; baseline 0.006 -16"><span class='ocrx_word' id='word_1_365' title='bbox 145 3956 280 4017; x_wconf 88' lang='lat' dir='ltr'>brautnr</span> <span class='ocrx_word' id='word_1_366' title='bbox 295 3962 491 4017; x_wconf 88' lang='lat' dir='ltr'>sacramanta</span> <span class='ocrx_word' id='word_1_367' title='bbox 508 3973 649 4033; x_wconf 90' lang='lat' dir='ltr'>sumere,</span> <span class='ocrx_word' id='word_1_368' title='bbox 666 3975 724 4020; x_wconf 89' lang='lat' dir='ltr'>nec</span> <span class='ocrx_word' id='word_1_369' title='bbox 737 3959 811 4020; x_wconf 87' lang='lat' dir='ltr'>aliis</span> <span class='ocrx_word' id='word_1_370' title='bbox 831 3959 931 4022; x_wconf 88' lang='lat' dir='ltr'>urini-</span> 
     </span>
     <span class='ocr_line' id='line_1_38' title="bbox 143 4052 930 4136; baseline 0.003 -18"><span class='ocrx_word' id='word_1_371' title='bbox 143 4061 267 4128; x_wconf 86' lang='lat' dir='ltr'>strare;</span> <span class='ocrx_word' id='word_1_372' title='bbox 295 4052 361 4116; x_wconf 92' lang='lat' dir='ltr'>imo</span> <span class='ocrx_word' id='word_1_373' title='bbox 391 4070 451 4116; x_wconf 89' lang='lat' dir='ltr'>nec</span> <span class='ocrx_word' id='word_1_374' title='bbox 477 4054 569 4118; x_wconf 87' lang='lat' dir='ltr'>alteri</span> <span class='ocrx_word' id='word_1_375' title='bbox 595 4055 705 4120; x_wconf 92' lang='lat' dir='ltr'>divina</span> <span class='ocrx_word' id='word_1_376' title='bbox 733 4057 930 4136; x_wconf 86' lang='lat' dir='ltr'>celebranti,</span> 
     </span>
     <span class='ocr_line' id='line_1_39' title="bbox 144 4154 930 4236; baseline 0.008 -19"><span class='ocrx_word' id='word_1_377' title='bbox 144 4170 251 4236; x_wconf 88' lang='lat' dir='ltr'>neque</span> <span class='ocrx_word' id='word_1_378' title='bbox 277 4162 311 4216; x_wconf 93' lang='lat' dir='ltr'>ut</span> <span class='ocrx_word' id='word_1_379' title='bbox 331 4154 482 4230; x_wconf 89' lang='lat' dir='ltr'>clericus,</span> <span class='ocrx_word' id='word_1_380' title='bbox 506 4173 613 4236; x_wconf 87' lang='lat' dir='ltr'>nsque</span> <span class='ocrx_word' id='word_1_381' title='bbox 633 4165 666 4220; x_wconf 91' lang='lat' dir='ltr'>ut</span> <span class='ocrx_word' id='word_1_382' title='bbox 693 4157 794 4222; x_wconf 89' lang='lat' dir='ltr'>laicus</span> <span class='ocrx_word' id='word_1_383' title='bbox 822 4160 930 4226; x_wconf 91' lang='lat' dir='ltr'>inser·</span> 
     </span>
     <span class='ocr_line' id='line_1_40' title="bbox 143 4254 932 4335; baseline 0.006 -18"><span class='ocrx_word' id='word_1_384' title='bbox 143 4255 239 4320; x_wconf 87' lang='lat' dir='ltr'>vira.</span> <span class='ocrx_word' id='word_1_385' title='bbox 267 4270 327 4316; x_wconf 89' lang='lat' dir='ltr'>nec</span> <span class='ocrx_word' id='word_1_386' title='bbox 349 4254 512 4318; x_wconf 85' lang='lat' dir='ltr'>orationes</span> <span class='ocrx_word' id='word_1_387' title='bbox 542 4257 679 4335; x_wconf 89' lang='lat' dir='ltr'>privatas</span> <span class='ocrx_word' id='word_1_388' title='bbox 700 4259 865 4322; x_wconf 84' lang='lat' dir='ltr'>tundere:</span> <span class='ocrx_word' id='word_1_389' title='bbox 899 4268 932 4322; x_wconf 90' lang='lat' dir='ltr'>et</span> 
     </span>
     <span class='ocr_line' id='line_1_41' title="bbox 143 4351 932 4436; baseline 0.011 -24"><span class='ocrx_word' id='word_1_390' title='bbox 143 4351 172 4413; x_wconf 94' lang='lat' dir='ltr'>si</span> <span class='ocrx_word' id='word_1_391' title='bbox 187 4351 323 4413; x_wconf 85' lang='lat' dir='ltr'>durante</span> <span class='ocrx_word' id='word_1_392' title='bbox 350 4351 523 4414; x_wconf 88' lang='lat' dir='ltr'>interdicto</span> <span class='ocrx_word' id='word_1_393' title='bbox 548 4354 714 4430; x_wconf 86' lang='lat' dir='ltr'>moriatur,</span> <span class='ocrx_word' id='word_1_394' title='bbox 742 4356 807 4418; x_wconf 89' lang='lat' dir='ltr'>nisi</span> <span class='ocrx_word' id='word_1_395' title='bbox 829 4358 932 4436; x_wconf 84' lang='lat' dir='ltr'>poeui·</span> 
     </span>
     <span class='ocr_line' id='line_1_42' title="bbox 144 4450 928 4534; baseline 0.013 -22"><span class='ocrx_word' id='word_1_396' title='bbox 144 4450 255 4527; x_wconf 89' lang='lat' dir='ltr'>tuerit,</span> <span class='ocrx_word' id='word_1_397' title='bbox 286 4469 393 4532; x_wconf 90' lang='lat' dir='ltr'>neque</span> <span class='ocrx_word' id='word_1_398' title='bbox 412 4451 445 4514; x_wconf 93' lang='grc' dir='ltr'>ιιι</span> <span class='ocrx_word' id='word_1_399' title='bbox 466 4453 614 4528; x_wconf 84' lang='grc' dir='ltr'>εεειεειιι,</span> <span class='ocrx_word' id='word_1_400' title='bbox 637 4471 744 4534; x_wconf 87' lang='lat' dir='ltr'>neque</span> <span class='ocrx_word' id='word_1_401' title='bbox 762 4457 795 4520; x_wconf 91' lang='lat' dir='ltr'>in</span> <span class='ocrx_word' id='word_1_402' title='bbox 813 4476 928 4522; x_wconf 69' lang='lat' dir='ltr'>ermme·</span> 
     </span>
     <span class='ocr_line' id='line_1_43' title="bbox 144 4551 928 4632; baseline 0.01 -20"><span class='ocrx_word' id='word_1_403' title='bbox 144 4551 228 4614; x_wconf 90' lang='lat' dir='ltr'>teria</span> <span class='ocrx_word' id='word_1_404' title='bbox 255 4552 371 4629; x_wconf 91' lang='lat' dir='ltr'>poterit</span> <span class='ocrx_word' id='word_1_405' title='bbox 394 4553 539 4632; x_wconf 86' lang='lat' dir='ltr'>sepeliri.</span> <span class='ocrx_word' id='word_1_406' title='bbox 567 4555 635 4619; x_wconf 85' lang='lat' dir='ltr'>lioo</span> <span class='ocrx_word' id='word_1_407' title='bbox 659 4563 764 4620; x_wconf 89' lang='lat' dir='ltr'>tamen</span> <span class='ocrx_word' id='word_1_408' title='bbox 790 4557 928 4624; x_wconf 87' lang='lat' dir='ltr'>interdi-</span> 
     </span>
     <span class='ocr_line' id='line_1_44' title="bbox 146 4651 931 4741; baseline 0.013 -27"><span class='ocrx_word' id='word_1_409' title='bbox 146 4659 231 4715; x_wconf 87' lang='lat' dir='ltr'>ctum</span> <span class='ocrx_word' id='word_1_410' title='bbox 258 4652 291 4714; x_wconf 93' lang='lat' dir='ltr'>in</span> <span class='ocrx_word' id='word_1_411' title='bbox 321 4651 457 4716; x_wconf 91' lang='lat' dir='ltr'>articulo</span> <span class='ocrx_word' id='word_1_412' title='bbox 482 4653 594 4717; x_wconf 89' lang='lat' dir='ltr'>mortis</span> <span class='ocrx_word' id='word_1_413' title='bbox 619 4673 676 4734; x_wconf 91' lang='lat' dir='ltr'>per</span> <span class='ocrx_word' id='word_1_414' title='bbox 702 4675 931 4741; x_wconf 84' lang='lat' dir='ltr'>quemcunque</span> 
     </span>
     <span class='ocr_line' id='line_1_45' title="bbox 145 4753 931 4834; baseline 0.014 -20"><span class='ocrx_word' id='word_1_415' title='bbox 145 4753 346 4816; x_wconf 86' lang='lat' dir='ltr'>sacerdotem</span> <span class='ocrx_word' id='word_1_416' title='bbox 363 4753 434 4815; x_wconf 92' lang='lat' dir='ltr'>tolli</span> <span class='ocrx_word' id='word_1_417' title='bbox 457 4763 573 4833; x_wconf 89' lang='lat' dir='ltr'>potest,</span> <span class='ocrx_word' id='word_1_418' title='bbox 593 4769 623 4819; x_wconf 90' lang='lat' dir='ltr'>at</span> <span class='ocrx_word' id='word_1_419' title='bbox 640 4757 788 4834; x_wconf 80' lang='lat' dir='ltr'>relaxari,</span> <span class='ocrx_word' id='word_1_420' title='bbox 810 4768 846 4823; x_wconf 95' lang='lat' dir='ltr'>ut</span> <span class='ocrx_word' id='word_1_421' title='bbox 867 4768 931 4825; x_wconf 90' lang='lat' dir='ltr'>tra·</span> 
     </span>
     <span class='ocr_line' id='line_1_46' title="bbox 146 4851 932 4932; baseline 0.01 -19"><span class='ocrx_word' id='word_1_422' title='bbox 146 4851 228 4914; x_wconf 89' lang='lat' dir='ltr'>dunt</span> <span class='ocrx_word' id='word_1_423' title='bbox 259 4852 349 4931; x_wconf 85' lang='lat' dir='ltr'>Sayr,</span> <span class='ocrx_word' id='word_1_424' title='bbox 369 4853 484 4914; x_wconf 86' lang='lat' dir='ltr'>Bonae.</span> <span class='ocrx_word' id='word_1_425' title='bbox 508 4853 644 4932; x_wconf 76' lang='lat' dir='ltr'>»lapud</span> <span class='ocrx_word' id='word_1_426' title='bbox 661 4856 856 4931; x_wconf 83' lang='lat' dir='ltr'>Monscrrucv,</span> <span class='ocrx_word' id='word_1_427' title='bbox 887 4858 932 4921; x_wconf 80' lang='lat' dir='ltr'>Dr</span> 
     </span>
     <span class='ocr_line' id='line_1_47' title="bbox 124 4941 938 5034; baseline 0.009 -20"><span class='ocrx_word' id='word_1_428' title='bbox 124 4941 127 4946; x_wconf 82' lang='grc'>’</span> <span class='ocrx_word' id='word_1_429' title='bbox 146 4949 327 5026; x_wconf 76' lang='lat' dir='ltr'>interdicto,</span> <span class='ocrx_word' id='word_1_430' title='bbox 345 4959 423 5014; x_wconf 87' lang='lat' dir='ltr'>tom.</span> <span class='ocrx_word' id='word_1_431' title='bbox 438 4951 496 5027; x_wconf 89' lang='grc' dir='ltr'>ιιι,</span> <span class='ocrx_word' id='word_1_432' title='bbox 519 4969 551 5014; x_wconf 86' lang='grc' dir='ltr'>ιι.</span> <span class='ocrx_word' id='word_1_433' title='bbox 572 4951 655 5034; x_wconf 81' lang='lat' dir='ltr'>t3t.)</span> <span class='ocrx_word' id='word_1_434' title='bbox 936 5017 938 5021; x_wconf 84' lang='grc'>,</span> 
     </span>
     <span class='ocr_line' id='line_1_48' title="bbox 188 5053 934 5132; baseline 0.02 -23"><span class='ocrx_word' id='word_1_435' title='bbox 188 5074 203 5108; x_wconf 78' lang='grc' dir='ltr'>ι</span> <span class='ocrx_word' id='word_1_436' title='bbox 228 5053 408 5132; x_wconf 82' lang='lat' dir='ltr'>Episcopus</span> <span class='ocrx_word' id='word_1_437' title='bbox 428 5059 535 5115; x_wconf 88' lang='lat' dir='ltr'>autem</span> <span class='ocrx_word' id='word_1_438' title='bbox 552 5054 592 5117; x_wconf 93' lang='lat' dir='ltr'>ab</span> <span class='ocrx_word' id='word_1_439' title='bbox 615 5055 766 5132; x_wconf 82' lang='lat' dir='ltr'>ingressu</span> <span class='ocrx_word' id='word_1_440' title='bbox 787 5059 934 5124; x_wconf 83' lang='lat' dir='ltr'>eeclesia</span> 
     </span>
     <span class='ocr_line' id='line_1_49' title="bbox 147 5147 932 5236; baseline 0.017 -25"><span class='ocrx_word' id='word_1_441' title='bbox 147 5148 351 5222; x_wconf 89' lang='lat' dir='ltr'>interdictus,</span> <span class='ocrx_word' id='word_1_442' title='bbox 381 5147 517 5212; x_wconf 88' lang='lat' dir='ltr'>durante</span> <span class='ocrx_word' id='word_1_443' title='bbox 537 5149 722 5229; x_wconf 83' lang='lat' dir='ltr'>interdicto,</span> <span class='ocrx_word' id='word_1_444' title='bbox 742 5171 807 5220; x_wconf 90' lang='lat' dir='ltr'>nou</span> <span class='ocrx_word' id='word_1_445' title='bbox 826 5165 932 5236; x_wconf 91' lang='lat' dir='ltr'>potes-t</span> 
     </span>
     <span class='ocr_line' id='line_1_50' title="bbox 146 5245 934 5322; baseline 0.013 -13"><span class='ocrx_word' id='word_1_446' title='bbox 146 5247 181 5310; x_wconf 92' lang='lat' dir='ltr'>in</span> <span class='ocrx_word' id='word_1_447' title='bbox 201 5245 339 5310; x_wconf 88' lang='lat' dir='ltr'>ecclesia</span> <span class='ocrx_word' id='word_1_448' title='bbox 361 5246 535 5322; x_wconf 90' lang='lat' dir='ltr'>celebrare,</span> <span class='ocrx_word' id='word_1_449' title='bbox 566 5265 625 5313; x_wconf 90' lang='lat' dir='ltr'>nec</span> <span class='ocrx_word' id='word_1_450' title='bbox 648 5262 845 5317; x_wconf 89' lang='lat' dir='ltr'>sacramenta</span> <span class='ocrx_word' id='word_1_451' title='bbox 873 5258 934 5318; x_wconf 93' lang='lat' dir='ltr'>mi·</span> 
     </span>
     <span class='ocr_line' id='line_1_51' title="bbox 148 5346 933 5430; baseline 0.015 -20"><span class='ocrx_word' id='word_1_452' title='bbox 148 5346 298 5421; x_wconf 89' lang='lat' dir='ltr'>nistrare,</span> <span class='ocrx_word' id='word_1_453' title='bbox 323 5363 382 5410; x_wconf 86' lang='lat' dir='ltr'>nec</span> <span class='ocrx_word' id='word_1_454' title='bbox 409 5347 552 5430; x_wconf 89' lang='lat' dir='ltr'>aliquem</span> <span class='ocrx_word' id='word_1_455' title='bbox 568 5351 651 5413; x_wconf 86' lang='lat' dir='ltr'>sacri</span> <span class='ocrx_word' id='word_1_456' title='bbox 671 5354 798 5418; x_wconf 91' lang='lat' dir='ltr'>ordinis</span> <span class='ocrx_word' id='word_1_457' title='bbox 826 5367 933 5422; x_wconf 90' lang='lat' dir='ltr'>actum</span> 
     </span>
     <span class='ocr_line' id='line_1_52' title="bbox 149 5449 934 5532; baseline 0.017 -22"><span class='ocrx_word' id='word_1_458' title='bbox 149 5461 299 5510; x_wconf 80' lang='lat' dir='ltr'>exercere</span> <span class='ocrx_word' id='word_1_459' title='bbox 320 5489 329 5521; x_wconf 92' lang='lat'>,</span> <span class='ocrx_word' id='word_1_460' title='bbox 360 5463 419 5510; x_wconf 87' lang='lat' dir='ltr'>nec</span> <span class='ocrx_word' id='word_1_461' title='bbox 443 5449 557 5512; x_wconf 90' lang='lat' dir='ltr'>audire</span> <span class='ocrx_word' id='word_1_462' title='bbox 572 5451 699 5528; x_wconf 73' lang='lat' dir='ltr'>{divina</span> <span class='ocrx_word' id='word_1_463' title='bbox 726 5452 829 5520; x_wconf 83' lang='lat' dir='ltr'>cilicia</span> <span class='ocrx_word' id='word_1_464' title='bbox 847 5500 857 5532; x_wconf 92' lang='lat'>,</span> <span class='ocrx_word' id='word_1_465' title='bbox 874 5475 934 5523; x_wconf 89' lang='lat' dir='ltr'>nec</span> 
     </span>
     <span class='ocr_line' id='line_1_53' title="bbox 150 5546 934 5629; baseline 0.019 -21"><span class='ocrx_word' id='word_1_466' title='bbox 150 5546 300 5626; x_wconf 89' lang='lat' dir='ltr'>psallere,</span> <span class='ocrx_word' id='word_1_467' title='bbox 330 5563 389 5611; x_wconf 87' lang='lat' dir='ltr'>nee</span> <span class='ocrx_word' id='word_1_468' title='bbox 405 5566 507 5626; x_wconf 89' lang='lat' dir='ltr'>orare,</span> <span class='ocrx_word' id='word_1_469' title='bbox 527 5569 599 5629; x_wconf 87' lang='lat' dir='ltr'>uec,</span> <span class='ocrx_word' id='word_1_470' title='bbox 619 5554 649 5616; x_wconf 89' lang='lat' dir='ltr'>si</span> <span class='ocrx_word' id='word_1_471' title='bbox 664 5555 794 5618; x_wconf 89' lang='lat' dir='ltr'>interim</span> <span class='ocrx_word' id='word_1_472' title='bbox 816 5557 934 5623; x_wconf 90' lang='lat' dir='ltr'>moria-</span> 
     </span>
     <span class='ocr_line' id='line_1_54' title="bbox 151 5645 931 5737; baseline 0.026 -31"><span class='ocrx_word' id='word_1_473' title='bbox 151 5655 216 5720; x_wconf 84' lang='lat' dir='ltr'>tur,</span> <span class='ocrx_word' id='word_1_474' title='bbox 234 5647 269 5710; x_wconf 91' lang='lat' dir='ltr'>in</span> <span class='ocrx_word' id='word_1_475' title='bbox 286 5645 441 5725; x_wconf 86' lang='lat' dir='ltr'>lecclesia,</span> <span class='ocrx_word' id='word_1_476' title='bbox 471 5651 519 5714; x_wconf 89' lang='lat' dir='ltr'>rel</span> <span class='ocrx_word' id='word_1_477' title='bbox 542 5655 725 5720; x_wconf 87' lang='lat' dir='ltr'>cmmeterio</span> <span class='ocrx_word' id='word_1_478' title='bbox 748 5657 931 5737; x_wconf 82' lang='lat' dir='ltr'>sepelitur:</span> 
     </span>
    </p>
   </div>
   <div class='ocr_carea' id='block_1_9' title="bbox 150 5748 932 5842">
    <p class='ocr_par' dir='ltr' id='par_1_9' title="bbox 150 5748 932 5842">
     <span class='ocr_line' id='line_1_55' title="bbox 150 5748 932 5842; baseline 0.02 -32"><span class='ocrx_word' id='word_1_479' title='bbox 150 5749 223 5810; x_wconf 78' lang='lat' dir='ltr'>etsi</span> <span class='ocrx_word' id='word_1_480' title='bbox 242 5749 301 5814; x_wconf 90' lang='lat' dir='ltr'>hoc</span> <span class='ocrx_word' id='word_1_481' title='bbox 314 5748 519 5818; x_wconf 89' lang='lat' dir='ltr'>interdictum</span> <span class='ocrx_word' id='word_1_482' title='bbox 542 5770 606 5819; x_wconf 93' lang='lat' dir='ltr'>non</span> <span class='ocrx_word' id='word_1_483' title='bbox 627 5764 746 5838; x_wconf 84' lang='lat' dir='ltr'>servet,</span> <span class='ocrx_word' id='word_1_484' title='bbox 762 5759 794 5822; x_wconf 88' lang='lat' dir='ltr'>iit</span> <span class='ocrx_word' id='word_1_485' title='bbox 806 5758 932 5842; x_wconf 76' lang='lat' dir='ltr'>irregu-</span> 
     </span>
    </p>
   </div>
   <div class='ocr_carea' id='block_1_10' title="bbox 977 2861 1770 3337">
    <p class='ocr_par' dir='ltr' id='par_1_10' title="bbox 977 2861 1770 3337">
     <span class='ocr_line' id='line_1_56' title="bbox 977 2861 1767 2926; baseline 0.001 -3"><span class='ocrx_word' id='word_1_486' title='bbox 977 2872 1057 2923; x_wconf 84' lang='lat' dir='ltr'>sent.</span> <span class='ocrx_word' id='word_1_487' title='bbox 1069 2880 1188 2925; x_wconf 79' lang='lat' dir='ltr'>ccccm.</span> <span class='ocrx_word' id='word_1_488' title='bbox 1201 2864 1289 2926; x_wconf 86' lang='lat' dir='ltr'>Unde</span> <span class='ocrx_word' id='word_1_489' title='bbox 1306 2861 1407 2925; x_wconf 89' lang='lat' dir='ltr'>laicus</span> <span class='ocrx_word' id='word_1_490' title='bbox 1420 2862 1544 2926; x_wconf 88' lang='lat' dir='ltr'>violans</span> <span class='ocrx_word' id='word_1_491' title='bbox 1558 2861 1767 2924; x_wconf 87' lang='lat' dir='ltr'>interdictum</span> 
     </span>
     <span class='ocr_line' id='line_1_57' title="bbox 978 2961 1770 3045; baseline -0.001 -19"><span class='ocrx_word' id='word_1_492' title='bbox 978 2979 1105 3040; x_wconf 87' lang='lat' dir='ltr'>semper</span> <span class='ocrx_word' id='word_1_493' title='bbox 1124 2971 1232 3045; x_wconf 88' lang='lat' dir='ltr'>peccat</span> <span class='ocrx_word' id='word_1_494' title='bbox 1254 2962 1441 3038; x_wconf 86' lang='lat' dir='ltr'>mortaliter,</span> <span class='ocrx_word' id='word_1_495' title='bbox 1463 2963 1593 3044; x_wconf 89' lang='lat' dir='ltr'>quoties</span> <span class='ocrx_word' id='word_1_496' title='bbox 1612 2961 1655 3024; x_wconf 91' lang='lat' dir='ltr'>sit</span> <span class='ocrx_word' id='word_1_497' title='bbox 1670 2978 1770 3042; x_wconf 77' lang='lat' dir='ltr'>geue-</span> 
     </span>
     <span class='ocr_line' id='line_1_58' title="bbox 978 3063 1768 3144; baseline -0.004 -18"><span class='ocrx_word' id='word_1_498' title='bbox 978 3063 1089 3128; x_wconf 87' lang='lat' dir='ltr'>raliter</span> <span class='ocrx_word' id='word_1_499' title='bbox 1107 3065 1313 3140; x_wconf 87' lang='lat' dir='ltr'>interdictus,</span> <span class='ocrx_word' id='word_1_500' title='bbox 1339 3065 1439 3128; x_wconf 88' lang='lat' dir='ltr'>idest</span> <span class='ocrx_word' id='word_1_501' title='bbox 1459 3065 1499 3126; x_wconf 90' lang='lat' dir='ltr'>da</span> <span class='ocrx_word' id='word_1_502' title='bbox 1519 3063 1640 3144; x_wconf 89' lang='lat' dir='ltr'>populo</span> <span class='ocrx_word' id='word_1_503' title='bbox 1663 3064 1768 3126; x_wconf 88' lang='lat' dir='ltr'>intar-</span> 
     </span>
     <span class='ocr_line' id='line_1_59' title="bbox 978 3163 1769 3244; baseline -0.001 -18"><span class='ocrx_word' id='word_1_504' title='bbox 978 3163 1076 3236; x_wconf 85' lang='lat' dir='ltr'>dicto,</span> <span class='ocrx_word' id='word_1_505' title='bbox 1093 3165 1162 3228; x_wconf 90' lang='lat' dir='ltr'>sive</span> <span class='ocrx_word' id='word_1_506' title='bbox 1178 3163 1366 3244; x_wconf 89' lang='lat' dir='ltr'>specialiter</span> <span class='ocrx_word' id='word_1_507' title='bbox 1385 3164 1579 3226; x_wconf 89' lang='lat' dir='ltr'>interdictus</span> <span class='ocrx_word' id='word_1_508' title='bbox 1597 3180 1607 3238; x_wconf 88' lang='lat'>;</span> <span class='ocrx_word' id='word_1_509' title='bbox 1630 3163 1658 3224; x_wconf 91' lang='lat' dir='ltr'>si</span> <span class='ocrx_word' id='word_1_510' title='bbox 1692 3176 1769 3226; x_wconf 91' lang='lat' dir='ltr'>vero</span> 
     </span>
     <span class='ocr_line' id='line_1_60' title="bbox 978 3259 1769 3337; baseline 0 -13"><span class='ocrx_word' id='word_1_511' title='bbox 978 3263 1186 3327; x_wconf 89' lang='lat' dir='ltr'>interdictum</span> <span class='ocrx_word' id='word_1_512' title='bbox 1201 3265 1243 3326; x_wconf 90' lang='lat' dir='ltr'>sit</span> <span class='ocrx_word' id='word_1_513' title='bbox 1258 3261 1370 3337; x_wconf 91' lang='lat' dir='ltr'>locale,</span> <span class='ocrx_word' id='word_1_514' title='bbox 1388 3262 1470 3326; x_wconf 90' lang='lat' dir='ltr'>illud</span> <span class='ocrx_word' id='word_1_515' title='bbox 1484 3261 1621 3335; x_wconf 91' lang='lat' dir='ltr'>violans,</span> <span class='ocrx_word' id='word_1_516' title='bbox 1636 3259 1769 3324; x_wconf 83' lang='lat' dir='ltr'>excluso</span> 
     </span>
    </p>
   </div>
   <div class='ocr_carea' id='block_1_11' title="bbox 978 3362 1770 3540">
    <p class='ocr_par' dir='ltr' id='par_1_11' title="bbox 978 3362 1770 3540">
     <span class='ocr_line' id='line_1_61' title="bbox 978 3362 1770 3442; baseline -0.001 -17"><span class='ocrx_word' id='word_1_517' title='bbox 978 3371 1164 3442; x_wconf 89' lang='lat' dir='ltr'>contemptu</span> <span class='ocrx_word' id='word_1_518' title='bbox 1183 3371 1215 3425; x_wconf 91' lang='lat' dir='ltr'>et</span> <span class='ocrx_word' id='word_1_519' title='bbox 1229 3363 1392 3436; x_wconf 89' lang='lat' dir='ltr'>scandalo,</span> <span class='ocrx_word' id='word_1_520' title='bbox 1410 3362 1552 3442; x_wconf 88' lang='lat' dir='ltr'>peccabit</span> <span class='ocrx_word' id='word_1_521' title='bbox 1582 3364 1695 3425; x_wconf 86' lang='lat' dir='ltr'>saltem</span> <span class='ocrx_word' id='word_1_522' title='bbox 1716 3379 1770 3424; x_wconf 89' lang='lat' dir='ltr'>ve·</span> 
     </span>
     <span class='ocr_line' id='line_1_62' title="bbox 979 3457 1770 3540; baseline -0.005 -18"><span class='ocrx_word' id='word_1_523' title='bbox 979 3460 1121 3524; x_wconf 87' lang='lat' dir='ltr'>nialiter.</span> <span class='ocrx_word' id='word_1_524' title='bbox 1152 3463 1193 3523; x_wconf 85' lang='lat' dir='ltr'>At</span> <span class='ocrx_word' id='word_1_525' title='bbox 1219 3461 1247 3521; x_wconf 91' lang='lat' dir='ltr'>si</span> <span class='ocrx_word' id='word_1_526' title='bbox 1276 3457 1387 3540; x_wconf 85' lang='lat' dir='ltr'>aliquo</span> <span class='ocrx_word' id='word_1_527' title='bbox 1405 3458 1501 3521; x_wconf 88' lang='lat' dir='ltr'>modo</span> <span class='ocrx_word' id='word_1_528' title='bbox 1517 3458 1559 3518; x_wconf 92' lang='lat' dir='ltr'>sit</span> <span class='ocrx_word' id='word_1_529' title='bbox 1580 3472 1687 3530; x_wconf 87' lang='lat' dir='ltr'>causa,</span> <span class='ocrx_word' id='word_1_530' title='bbox 1714 3463 1770 3518; x_wconf 89' lang='lat' dir='ltr'>aut</span> 
     </span>
    </p>
   </div>
   <div class='ocr_carea' id='block_1_12' title="bbox 978 3555 1774 5845">
    <p class='ocr_par' dir='ltr' id='par_1_12' title="bbox 978 3555 1771 4741">
     <span class='ocr_line' id='line_1_63' title="bbox 978 3555 1770 3640; baseline -0.008 -18"><span class='ocrx_word' id='word_1_531' title='bbox 978 3559 1156 3624; x_wconf 80' lang='lat' dir='ltr'>fomentum</span> <span class='ocrx_word' id='word_1_532' title='bbox 1173 3567 1299 3640; x_wconf 78' lang='lat' dir='ltr'>praestet</span> <span class='ocrx_word' id='word_1_533' title='bbox 1318 3557 1485 3622; x_wconf 90' lang='lat' dir='ltr'>violationi</span> <span class='ocrx_word' id='word_1_534' title='bbox 1508 3555 1671 3619; x_wconf 86' lang='lat' dir='ltr'>interdicti</span> <span class='ocrx_word' id='word_1_535' title='bbox 1684 3555 1770 3617; x_wconf 90' lang='lat' dir='ltr'>loca·</span> 
     </span>
     <span class='ocr_line' id='line_1_64' title="bbox 979 3657 1768 3738; baseline -0.005 -14"><span class='ocrx_word' id='word_1_536' title='bbox 979 3661 1034 3737; x_wconf 88' lang='lat' dir='ltr'>lis,</span> <span class='ocrx_word' id='word_1_537' title='bbox 1051 3661 1147 3724; x_wconf 89' lang='lat' dir='ltr'>etiam</span> <span class='ocrx_word' id='word_1_538' title='bbox 1170 3668 1248 3722; x_wconf 88' lang='lat' dir='ltr'>tuuc</span> <span class='ocrx_word' id='word_1_539' title='bbox 1278 3658 1418 3738; x_wconf 88' lang='lat' dir='ltr'>peccabit</span> <span class='ocrx_word' id='word_1_540' title='bbox 1445 3657 1634 3720; x_wconf 88' lang='lat' dir='ltr'>mortaliter.</span> <span class='ocrx_word' id='word_1_541' title='bbox 1664 3657 1768 3738; x_wconf 78' lang='lat' dir='ltr'>(Sayr.</span> 
     </span>
     <span class='ocr_line' id='line_1_65' title="bbox 979 3757 1769 3840; baseline -0.008 -14"><span class='ocrx_word' id='word_1_542' title='bbox 979 3766 1024 3826; x_wconf 84' lang='lat' dir='ltr'>De</span> <span class='ocrx_word' id='word_1_543' title='bbox 1038 3780 1163 3826; x_wconf 77' lang='lat' dir='ltr'>censer.</span> <span class='ocrx_word' id='word_1_544' title='bbox 1191 3761 1247 3825; x_wconf 90' lang='lat' dir='ltr'>lib.</span> <span class='ocrx_word' id='word_1_545' title='bbox 1270 3759 1451 3840; x_wconf 86' lang='lat' dir='ltr'>v,cap.1t,</span> <span class='ocrx_word' id='word_1_546' title='bbox 1476 3776 1564 3824; x_wconf 93' lang='lat' dir='ltr'>num.</span> <span class='ocrx_word' id='word_1_547' title='bbox 1590 3759 1620 3834; x_wconf 91' lang='grc'>1,</span> <span class='ocrx_word' id='word_1_548' title='bbox 1649 3759 1718 3822; x_wconf 66' lang='lat' dir='ltr'>iet</span> <span class='ocrx_word' id='word_1_549' title='bbox 1739 3757 1769 3833; x_wconf 79' lang='grc'>6,</span> 
     </span>
     <span class='ocr_line' id='line_1_66' title="bbox 979 3859 1771 3941; baseline -0.009 -14"><span class='ocrx_word' id='word_1_550' title='bbox 979 3862 1036 3927; x_wconf 91' lang='lat' dir='ltr'>ubi</span> <span class='ocrx_word' id='word_1_551' title='bbox 1051 3863 1152 3939; x_wconf 89' lang='lat' dir='ltr'>addit,</span> <span class='ocrx_word' id='word_1_552' title='bbox 1168 3863 1256 3941; x_wconf 91' lang='lat' dir='ltr'>quod</span> <span class='ocrx_word' id='word_1_553' title='bbox 1275 3860 1305 3922; x_wconf 90' lang='lat' dir='ltr'>si</span> <span class='ocrx_word' id='word_1_554' title='bbox 1320 3868 1513 3934; x_wconf 89' lang='lat' dir='ltr'>contemnat,</span> <span class='ocrx_word' id='word_1_555' title='bbox 1528 3859 1630 3938; x_wconf 88' lang='lat' dir='ltr'>possit</span> <span class='ocrx_word' id='word_1_556' title='bbox 1642 3875 1771 3922; x_wconf 82' lang='lat' dir='ltr'>excom·</span> 
     </span>
     <span class='ocr_line' id='line_1_67' title="bbox 980 3959 1766 4043; baseline -0.006 -17"><span class='ocrx_word' id='word_1_557' title='bbox 980 3964 1151 4037; x_wconf 73' lang='lat' dir='ltr'>munioni,</span> <span class='ocrx_word' id='word_1_558' title='bbox 1169 3971 1200 4026; x_wconf 89' lang='grc' dir='ltr'>ει</span> <span class='ocrx_word' id='word_1_559' title='bbox 1217 3979 1235 4026; x_wconf 90' lang='lat' dir='ltr'>a</span> <span class='ocrx_word' id='word_1_560' title='bbox 1250 3979 1311 4026; x_wconf 94' lang='lat' dir='ltr'>suo</span> <span class='ocrx_word' id='word_1_561' title='bbox 1321 3961 1434 4043; x_wconf 81' lang='lat' dir='ltr'>Judice</span> <span class='ocrx_word' id='word_1_562' title='bbox 1456 3961 1496 4024; x_wconf 90' lang='lat' dir='ltr'>ad</span> <span class='ocrx_word' id='word_1_563' title='bbox 1515 3959 1766 4040; x_wconf 88' lang='lat' dir='ltr'>requisitionem</span> 
     </span>
     <span class='ocr_line' id='line_1_68' title="bbox 978 4061 1767 4129; baseline -0.008 0"><span class='ocrx_word' id='word_1_564' title='bbox 978 4065 1130 4129; x_wconf 74' lang='lat' dir='ltr'>Ecclesia</span> <span class='ocrx_word' id='word_1_565' title='bbox 1161 4063 1279 4127; x_wconf 82' lang='lat' dir='ltr'>exsilio</span> <span class='ocrx_word' id='word_1_566' title='bbox 1306 4061 1556 4127; x_wconf 88' lang='lat' dir='ltr'>condemuavi...</span> <span class='ocrx_word' id='word_1_567' title='bbox 1590 4061 1624 4124; x_wconf 90' lang='lat' dir='ltr'>Si</span> <span class='ocrx_word' id='word_1_568' title='bbox 1659 4072 1767 4124; x_wconf 89' lang='lat' dir='ltr'>autem</span> 
     </span>
     <span class='ocr_line' id='line_1_69' title="bbox 978 4159 1768 4244; baseline -0.006 -15"><span class='ocrx_word' id='word_1_569' title='bbox 978 4165 1059 4229; x_wconf 85' lang='lat' dir='ltr'>aiios</span> <span class='ocrx_word' id='word_1_570' title='bbox 1083 4170 1224 4244; x_wconf 80' lang='lat' dir='ltr'>cogeret,</span> <span class='ocrx_word' id='word_1_571' title='bbox 1252 4171 1306 4226; x_wconf 88' lang='lat' dir='ltr'>aut</span> <span class='ocrx_word' id='word_1_572' title='bbox 1322 4159 1505 4241; x_wconf 87' lang='lat' dir='ltr'>impelleret</span> <span class='ocrx_word' id='word_1_573' title='bbox 1525 4162 1565 4225; x_wconf 87' lang='lat' dir='ltr'>ad</span> <span class='ocrx_word' id='word_1_574' title='bbox 1579 4161 1661 4223; x_wconf 92' lang='lat' dir='ltr'>illud</span> <span class='ocrx_word' id='word_1_575' title='bbox 1698 4161 1768 4224; x_wconf 92' lang='lat' dir='ltr'>vio·</span> 
     </span>
     <span class='ocr_line' id='line_1_70' title="bbox 979 4258 1769 4336; baseline -0.006 -11"><span class='ocrx_word' id='word_1_576' title='bbox 979 4263 1125 4336; x_wconf 87' lang='lat' dir='ltr'>landum,</span> <span class='ocrx_word' id='word_1_577' title='bbox 1143 4265 1193 4328; x_wconf 91' lang='lat' dir='ltr'>vel</span> <span class='ocrx_word' id='word_1_578' title='bbox 1207 4262 1319 4326; x_wconf 87' lang='lat' dir='ltr'>divina</span> <span class='ocrx_word' id='word_1_579' title='bbox 1334 4260 1575 4331; x_wconf 90' lang='lat' dir='ltr'>celebrandum,</span> <span class='ocrx_word' id='word_1_580' title='bbox 1592 4259 1642 4324; x_wconf 83' lang='lat' dir='ltr'>rel</span> <span class='ocrx_word' id='word_1_581' title='bbox 1661 4258 1769 4322; x_wconf 91' lang='lat' dir='ltr'>moni·</span> 
     </span>
     <span class='ocr_line' id='line_1_71' title="bbox 978 4363 1768 4440; baseline -0.011 -10"><span class='ocrx_word' id='word_1_582' title='bbox 978 4374 1031 4430; x_wconf 89' lang='lat' dir='ltr'>tus</span> <span class='ocrx_word' id='word_1_583' title='bbox 1057 4365 1097 4428; x_wconf 90' lang='lat' dir='ltr'>ab</span> <span class='ocrx_word' id='word_1_584' title='bbox 1120 4363 1263 4427; x_wconf 86' lang='lat' dir='ltr'>Ecclesia</span> <span class='ocrx_word' id='word_1_585' title='bbox 1283 4364 1373 4426; x_wconf 82' lang='lat' dir='ltr'>avire</span> <span class='ocrx_word' id='word_1_586' title='bbox 1389 4377 1453 4424; x_wconf 93' lang='lat' dir='ltr'>non</span> <span class='ocrx_word' id='word_1_587' title='bbox 1476 4369 1614 4440; x_wconf 89' lang='lat' dir='ltr'>pareret,</span> <span class='ocrx_word' id='word_1_588' title='bbox 1639 4375 1768 4422; x_wconf 86' lang='lat' dir='ltr'>excom·</span> 
     </span>
     <span class='ocr_line' id='line_1_72' title="bbox 979 4461 1766 4545; baseline -0.015 -12"><span class='ocrx_word' id='word_1_589' title='bbox 979 4467 1232 4533; x_wconf 84' lang='lat' dir='ltr'>munientionam</span> <span class='ocrx_word' id='word_1_590' title='bbox 1247 4483 1335 4545; x_wconf 77' lang='lat' dir='ltr'>pape</span> <span class='ocrx_word' id='word_1_591' title='bbox 1361 4471 1554 4527; x_wconf 83' lang='lat' dir='ltr'>reservatam</span> <span class='ocrx_word' id='word_1_592' title='bbox 1571 4461 1766 4524; x_wconf 87' lang='lat' dir='ltr'>incurrerat.</span> 
     </span>
     <span class='ocr_line' id='line_1_73' title="bbox 980 4560 1768 4648; baseline -0.011 -17"><span class='ocrx_word' id='word_1_593' title='bbox 980 4567 1148 4648; x_wconf 76' lang='lat' dir='ltr'>(clement.</span> <span class='ocrx_word' id='word_1_594' title='bbox 1161 4565 1277 4628; x_wconf 81' lang='lat' dir='ltr'>Grecis</span> <span class='ocrx_word' id='word_1_595' title='bbox 1292 4565 1345 4626; x_wconf 90' lang='lat' dir='ltr'>cit.</span> <span class='ocrx_word' id='word_1_596' title='bbox 1358 4595 1397 4608; x_wconf 92' lang='lat'><em>-</em></span> <span class='ocrx_word' id='word_1_597' title='bbox 1410 4565 1609 4636; x_wconf 77' lang='lat' dir='ltr'>Monaesum,</span> <span class='ocrx_word' id='word_1_598' title='bbox 1623 4560 1768 4637; x_wconf 87' lang='lat' dir='ltr'>tom.lll;</span> 
     </span>
     <span class='ocr_line' id='line_1_74' title="bbox 979 4661 1484 4741; baseline -0.012 -12"><span class='ocrx_word' id='word_1_599' title='bbox 979 4668 1025 4729; x_wconf 84' lang='lat' dir='ltr'>De</span> <span class='ocrx_word' id='word_1_600' title='bbox 1036 4663 1220 4738; x_wconf 82' lang='lat' dir='ltr'>interdicto,</span> <span class='ocrx_word' id='word_1_601' title='bbox 1235 4682 1266 4728; x_wconf 91' lang='lat' dir='ltr'>n.</span> <span class='ocrx_word' id='word_1_602' title='bbox 1281 4664 1338 4726; x_wconf 88' lang='lat'>131</span> <span class='ocrx_word' id='word_1_603' title='bbox 1355 4669 1386 4726; x_wconf 92' lang='lat' dir='ltr'>et</span> <span class='ocrx_word' id='word_1_604' title='bbox 1402 4661 1484 4741; x_wconf 77' lang='lat' dir='ltr'>tau.)</span> 
     </span>
    </p>

    <p class='ocr_par' dir='ltr' id='par_1_13' title="bbox 980 4760 1774 5845">
     <span class='ocr_line' id='line_1_75' title="bbox 1019 4760 1770 4839; baseline -0.008 -9"><span class='ocrx_word' id='word_1_605' title='bbox 1019 4768 1080 4830; x_wconf 91' lang='lat' dir='ltr'>lil.</span> <span class='ocrx_word' id='word_1_606' title='bbox 1106 4764 1221 4828; x_wconf 89' lang='lat' dir='ltr'>Clerici</span> <span class='ocrx_word' id='word_1_607' title='bbox 1250 4772 1371 4838; x_wconf 90' lang='lat' dir='ltr'>autem,</span> <span class='ocrx_word' id='word_1_608' title='bbox 1387 4771 1449 4823; x_wconf 91' lang='lat' dir='ltr'>tam</span> <span class='ocrx_word' id='word_1_609' title='bbox 1467 4760 1648 4834; x_wconf 83' lang='lat' dir='ltr'>saeculares,</span> <span class='ocrx_word' id='word_1_610' title='bbox 1673 4777 1770 4839; x_wconf 90' lang='lat' dir='ltr'>quam</span> 
     </span>
     <span class='ocr_line' id='line_1_76' title="bbox 980 4859 1766 4947; baseline -0.008 -19"><span class='ocrx_word' id='word_1_611' title='bbox 980 4866 1156 4947; x_wconf 77' lang='lat' dir='ltr'>regulares,</span> <span class='ocrx_word' id='word_1_612' title='bbox 1166 4864 1266 4927; x_wconf 91' lang='lat' dir='ltr'>sacris</span> <span class='ocrx_word' id='word_1_613' title='bbox 1280 4860 1451 4926; x_wconf 90' lang='lat' dir='ltr'>ordinibus</span> <span class='ocrx_word' id='word_1_614' title='bbox 1461 4859 1594 4932; x_wconf 88' lang='lat' dir='ltr'>initiati,</span> <span class='ocrx_word' id='word_1_615' title='bbox 1608 4859 1766 4924; x_wconf 84' lang='lat' dir='ltr'>violantes</span> 
     </span>
     <span class='ocr_line' id='line_1_77' title="bbox 981 4961 1771 5044; baseline -0.006 -16"><span class='ocrx_word' id='word_1_616' title='bbox 981 4965 1203 5037; x_wconf 86' lang='lat' dir='ltr'>interdictum,</span> <span class='ocrx_word' id='word_1_617' title='bbox 1214 4970 1349 5044; x_wconf 88' lang='lat' dir='ltr'>peccant</span> <span class='ocrx_word' id='word_1_618' title='bbox 1364 4962 1558 5032; x_wconf 88' lang='lat' dir='ltr'>mortaliter,</span> <span class='ocrx_word' id='word_1_619' title='bbox 1576 4962 1645 5025; x_wconf 86' lang='lat' dir='ltr'>siva</span> <span class='ocrx_word' id='word_1_620' title='bbox 1660 4961 1702 5024; x_wconf 93' lang='lat' dir='ltr'>sit</span> <span class='ocrx_word' id='word_1_621' title='bbox 1716 4962 1771 5023; x_wconf 90' lang='lat' dir='ltr'>iu·</span> 
     </span>
     <span class='ocr_line' id='line_1_78' title="bbox 981 5059 1768 5144; baseline -0.004 -18"><span class='ocrx_word' id='word_1_622' title='bbox 981 5065 1153 5128; x_wconf 87' lang='lat' dir='ltr'>terdictum</span> <span class='ocrx_word' id='word_1_623' title='bbox 1169 5061 1353 5144; x_wconf 85' lang='lat' dir='ltr'>personale,</span> <span class='ocrx_word' id='word_1_624' title='bbox 1381 5061 1454 5124; x_wconf 88' lang='lat' dir='ltr'>sine</span> <span class='ocrx_word' id='word_1_625' title='bbox 1476 5059 1586 5123; x_wconf 89' lang='lat' dir='ltr'>locale.</span> <span class='ocrx_word' id='word_1_626' title='bbox 1601 5065 1768 5136; x_wconf 78' lang='lat' dir='ltr'>Pretevea,</span> 
     </span>
     <span class='ocr_line' id='line_1_79' title="bbox 981 5159 1769 5240; baseline -0.001 -17"><span class='ocrx_word' id='word_1_627' title='bbox 981 5187 997 5223; x_wconf 76' lang='grc' dir='ltr'>ι</span> <span class='ocrx_word' id='word_1_628' title='bbox 1015 5164 1098 5228; x_wconf 88' lang='lat' dir='ltr'>circa</span> <span class='ocrx_word' id='word_1_629' title='bbox 1116 5163 1174 5226; x_wconf 90' lang='lat' dir='ltr'>bos</span> <span class='ocrx_word' id='word_1_630' title='bbox 1192 5169 1347 5224; x_wconf 91' lang='lat' dir='ltr'>statutum</span> <span class='ocrx_word' id='word_1_631' title='bbox 1363 5168 1437 5223; x_wconf 79' lang='lat' dir='ltr'>ests</span> <span class='ocrx_word' id='word_1_632' title='bbox 1457 5159 1488 5222; x_wconf 95' lang='grc'>1.</span> <span class='ocrx_word' id='word_1_633' title='bbox 1509 5160 1546 5222; x_wconf 87' lang='lat' dir='ltr'>tlt</span> <span class='ocrx_word' id='word_1_634' title='bbox 1560 5162 1589 5221; x_wconf 90' lang='lat' dir='ltr'>si</span> <span class='ocrx_word' id='word_1_635' title='bbox 1613 5176 1769 5240; x_wconf 90' lang='lat' dir='ltr'>persona·</span> 
     </span>
     <span class='ocr_line' id='line_1_80' title="bbox 982 5259 1771 5344; baseline -0.006 -16"><span class='ocrx_word' id='word_1_636' title='bbox 982 5265 1057 5328; x_wconf 91' lang='lat' dir='ltr'>liter</span> <span class='ocrx_word' id='word_1_637' title='bbox 1078 5263 1126 5326; x_wconf 89' lang='lat' dir='ltr'>rel</span> <span class='ocrx_word' id='word_1_638' title='bbox 1159 5261 1356 5344; x_wconf 81' lang='lat' dir='ltr'>generaliter</span> <span class='ocrx_word' id='word_1_639' title='bbox 1373 5259 1550 5335; x_wconf 87' lang='lat' dir='ltr'>interdicti,</span> <span class='ocrx_word' id='word_1_640' title='bbox 1564 5260 1615 5322; x_wconf 89' lang='lat' dir='ltr'>vei</span> <span class='ocrx_word' id='word_1_641' title='bbox 1645 5261 1681 5322; x_wconf 93' lang='lat' dir='ltr'>in</span> <span class='ocrx_word' id='word_1_642' title='bbox 1700 5259 1771 5323; x_wconf 88' lang='lat' dir='ltr'>loco</span> 
     </span>
     <span class='ocr_line' id='line_1_81' title="bbox 981 5359 1772 5438; baseline -0.009 -10"><span class='ocrx_word' id='word_1_643' title='bbox 981 5365 1155 5429; x_wconf 88' lang='lat' dir='ltr'>interdicto</span> <span class='ocrx_word' id='word_1_644' title='bbox 1170 5361 1347 5438; x_wconf 89' lang='lat' dir='ltr'>celebrent,</span> <span class='ocrx_word' id='word_1_645' title='bbox 1370 5360 1420 5425; x_wconf 91' lang='lat' dir='ltr'>vel</span> <span class='ocrx_word' id='word_1_646' title='bbox 1435 5360 1536 5425; x_wconf 91' lang='lat' dir='ltr'>alium</span> <span class='ocrx_word' id='word_1_647' title='bbox 1560 5367 1667 5424; x_wconf 90' lang='lat' dir='ltr'>actum</span> <span class='ocrx_word' id='word_1_648' title='bbox 1685 5359 1772 5424; x_wconf 90' lang='lat' dir='ltr'>ordi·</span> 
     </span>
     <span class='ocr_line' id='line_1_82' title="bbox 982 5459 1772 5543; baseline -0.008 -13"><span class='ocrx_word' id='word_1_649' title='bbox 982 5465 1017 5530; x_wconf 94' lang='lat' dir='ltr'>ui</span> <span class='ocrx_word' id='word_1_650' title='bbox 1032 5480 1122 5530; x_wconf 89' lang='lat' dir='ltr'>sacro</span> <span class='ocrx_word' id='word_1_651' title='bbox 1152 5481 1315 5528; x_wconf 83' lang='lat' dir='ltr'>annexum</span> <span class='ocrx_word' id='word_1_652' title='bbox 1345 5468 1529 5537; x_wconf 80' lang='lat' dir='ltr'>exerceant,</span> <span class='ocrx_word' id='word_1_653' title='bbox 1552 5459 1772 5543; x_wconf 78' lang='lat' dir='ltr'>irregularita-</span> 
     </span>
     <span class='ocr_line' id='line_1_83' title="bbox 982 5559 1770 5644; baseline -0.004 -17"><span class='ocrx_word' id='word_1_654' title='bbox 982 5565 1130 5644; x_wconf 91' lang='lat' dir='ltr'>temipso</span> <span class='ocrx_word' id='word_1_655' title='bbox 1149 5563 1232 5626; x_wconf 88' lang='lat' dir='ltr'>iacto</span> <span class='ocrx_word' id='word_1_656' title='bbox 1248 5563 1428 5626; x_wconf 89' lang='lat' dir='ltr'>incurrant.</span> <span class='ocrx_word' id='word_1_657' title='bbox 1451 5559 1491 5644; x_wconf 81' lang='lat' dir='ltr'>(c.</span> <span class='ocrx_word' id='word_1_658' title='bbox 1510 5562 1588 5626; x_wconf 83' lang='lat' dir='ltr'>Cum</span> <span class='ocrx_word' id='word_1_659' title='bbox 1606 5561 1716 5624; x_wconf 78' lang='lat' dir='ltr'>aterni</span> <span class='ocrx_word' id='word_1_660' title='bbox 1740 5566 1770 5638; x_wconf 87' lang='grc' dir='ltr'>ι,</span> 
     </span>
     <span class='ocr_line' id='line_1_84' title="bbox 982 5661 1774 5745; baseline -0.005 -18"><span class='ocrx_word' id='word_1_661' title='bbox 982 5666 1028 5728; x_wconf 83' lang='lat' dir='ltr'>De</span> <span class='ocrx_word' id='word_1_662' title='bbox 1048 5672 1130 5726; x_wconf 79' lang='lat' dir='ltr'>sect.</span> <span class='ocrx_word' id='word_1_663' title='bbox 1152 5672 1182 5726; x_wconf 82' lang='lat' dir='ltr'>ct</span> <span class='ocrx_word' id='word_1_664' title='bbox 1195 5681 1230 5726; x_wconf 83' lang='lat' dir='ltr'>rc</span> <span class='ocrx_word' id='word_1_665' title='bbox 1241 5662 1346 5745; x_wconf 77' lang='lat' dir='ltr'>judic.</span> <span class='ocrx_word' id='word_1_666' title='bbox 1365 5663 1421 5726; x_wconf 90' lang='lat' dir='ltr'>lib.</span> <span class='ocrx_word' id='word_1_667' title='bbox 1439 5679 1464 5724; x_wconf 92' lang='grc' dir='ltr'>ιι</span> <span class='ocrx_word' id='word_1_668' title='bbox 1475 5679 1484 5738; x_wconf 88' lang='grc'><strong>;</strong></span> <span class='ocrx_word' id='word_1_669' title='bbox 1503 5679 1531 5727; x_wconf 89' lang='grc' dir='ltr'>ε.</span> <span class='ocrx_word' id='word_1_670' title='bbox 1546 5661 1624 5725; x_wconf 84' lang='lat' dir='ltr'>Cura</span> <span class='ocrx_word' id='word_1_671' title='bbox 1648 5661 1774 5725; x_wconf 81' lang='lat' dir='ltr'>medici·</span> 
     </span>
     <span class='ocr_line' id='line_1_85' title="bbox 981 5762 1772 5845; baseline -0.003 -17"><span class='ocrx_word' id='word_1_672' title='bbox 981 5763 1175 5836; x_wconf 76' lang='lat' dir='ltr'>auiis13u</span> <span class='ocrx_word' id='word_1_673' title='bbox 1200 5766 1301 5845; x_wconf 79' lang='lat' dir='ltr'>isqui</span> <span class='ocrx_word' id='word_1_674' title='bbox 1328 5763 1620 5845; x_wconf 73' lang='lat' dir='ltr'>185c.lrcni20,</span> <span class='ocrx_word' id='word_1_675' title='bbox 1644 5762 1692 5828; x_wconf 88' lang='lat' dir='ltr'>til.</span> <span class='ocrx_word' id='word_1_676' title='bbox 1728 5778 1772 5840; x_wconf 84' lang='grc' dir='ltr'>ιι,</span> 
     </span>
    </p>
   </div>
   <div class='ocr_carea' id='block_1_13' title="bbox 0 0 2064 6448">
    <p class='ocr_par' dir='ltr' id='par_1_14' title="bbox 0 0 2064 6448">
     <span class='ocr_line' id='line_1_86' title="bbox 0 0 2064 6448; baseline 0 0"><span class='ocrx_word' id='word_1_677' title='bbox 0 0 2064 6448; x_wconf 95' lang='lat' dir='ltr'> </span> 
     </span>
    </p>
   </div>
  </div>
 </body>
</html>
