4008 6460
264 505 429 571 ordinaria
448 512 479 568 et
505 500 633 566 seclusa
657 498 902 581 dispensatione
919 495 1056 579 pontin-

265 605 325 686 ιιι)
349 604 389 667 ad
408 599 649 666 matrimonium
667 598 989 675 contrahendum,'et
1013 597 1054 662 ad

267 701 408 764 dominia
425 715 535 763 rorum
565 697 762 778 acquirenda
789 697 840 762 uel
867 697 1056 773 retinenda;

268 810 364 880 prout
389 817 462 863 cum
484 797 607 863 ceteris
625 813 790 859 sacrorum
813 813 975 860 canonum
1000 806 1060 860 trs·

267 901 441 964 emtoribus
473 897 617 980 loquitur
642 899 732 959 Pater
760 895 898 978 Pirbiug
925 897 980 978 tin
999 895 1055 959 lib.

269 1017 305 1060 ιιι
325 999 543 1072 Decretolium,
561 997 611 1058 tit.
627 1013 741 1070 xxxxv,
764 998 779 1074 ι
799 993 842 1078 ι).

309 1123 324 1157 ι
345 1103 422 1163 tium
440 1114 529 1177 erga,
545 1106 581 1159 nt
595 1097 758 1177 praemisso
772 1095 810 1158 ab
826 1096 970 1177 episcopo
987 1111 1059 1156 oro·

268 1211 335 1264 tora
355 1197 547 1276 siqnificent,
570 1195 666 1258 modo
682 1195 858 1258 Galliarum
885 1194 1057 1269 moniales,

268 1310 303 1361 ut
326 1315 396 1360 sese
417 1293 572 1358 civilibus
597 1293 724 1374 iegibus
739 1294 993 1367 accommodent,
1011 1291 1059 1356 sic

269 1393 465 1476 paupertatis
497 1401 606 1456 sotum
628 1393 793 1466 emittant,
813 1399 850 1453 nt
875 1389 1001 1454 minime
1023 1409 1058 1452 ιι

269 1494 413 1557 abdicent
432 1493 569 1556 dominio
591 1508 698 1553 rerunt
716 1509 858 1567 sucrum,
875 1493 931 1554 sed
948 1508 1002 1554 eas
1020 1501 1057 1554 nt

266 1596 419 1676 proprios
444 1594 622 1666 retineant,
645 1609 681 1655 ac
697 1595 737 1655 da
754 1591 870 1655 iisdem
884 1609 956 1656 cnm
976 1608 1059 1671 opus

269 1693 368 1757 luerit
384 1695 486 1775 joaeto
511 1694 590 1771 tapes
618 1691 724 1756 ciriles
748 1691 915 1773 disponere
941 1711 1060 1756 aaran·

270 1811 367 1866 usur,
397 1793 466 1856 ideo
497 1793 557 1855 boc
583 1809 693 1855 aarum
725 1792 935 1865 coturnatos
960 1793 1063 1875 qnin-

271 1895 445 1970 quennala,
462 1889 531 1953 aive
544 1899 736 1970 perpetuum
751 1891 959 1964 sit,solemue
975 1897 1061 1955 certa

272 2007 336 2053 non
353 1999 412 2062 est,
434 2007 540 2070 neque
561 2000 594 2052 ut
607 1991 670 2053 tate
693 1991 733 2054 ab
756 1990 897 2054 Ecclesia
918 2001 1062 2072 accepta·

181 2082 185 2092 '
270 2099 332 2152 tur.
350 2091 442 2164 Quod
469 2092 497 2152 ιι
524 2089 622 2173 hujus
650 2092 846 2168 paupertatis
874 2101 983 2158 votum
1009 2111 1062 2158 so·

272 2188 376 2252 lemna
393 2207 457 2254 uon
472 2199 533 2263 est,
545 2207 604 2255 nec
616 2189 775 2254 solemnia
786 2192 912 2256 censeri
927 2203 1062 2272 possunt

271 2289 398 2370 reliqua
426 2293 492 2354 duo
512 2298 582 2354 uota
611 2292 764 2354 castitatis
788 2300 820 2355 et
842 2291 1060 2358 obedientiae:

269 2391 496 2470 quippenam,
520 2392 701 2456 secundum
718 2393 874 2456 solemnis
902 2394 1063 2476 religiosas

272 2490 484 2570 professionis
502 2498 660 2568 naturam,
685 2499 783 2574 atqua
800 2493 951 2558 Ecclesia
964 2497 1061 2560 disci·

271 2589 404 2669 plicam,
423 2597 534 2654 totam
548 2605 649 2654 unum
664 2590 737 2654 siue
749 2591 814 2654 alio
829 2591 973 2656 solemne
989 2611 1060 2659 essa

270 2704 336 2750 non
352 2686 501 2768 possit.»
750 2695 755 2703 ·

310 2787 452 2850 Ournino
468 2788 674 2852 mauilestum
688 2797 734 2852 ert
752 2806 873 2852 sacram
901 2791 1062 2854 Poeniten·

271 2886 396 2950 ttartom
412 2887 458 2950 ibt
487 2887 576 2968 loqui
593 2891 686 2968 juxta
705 2889 865 2968 exposita,
887 2890 920 2952 id
943 2898 991 2953 est
1025 2891 1061 2955 in

271 2987 439 3067 hypothesi
456 2993 541 3070 quod
554 2991 666 3054 Galliae
676 2990 831 3054 moniales
849 2989 995 3056 vorcrrdo
1010 2991 1060 3055 in-

179 3111 183 3120 ·
272 3089 443 3150 tentionem
485 3090 605 3153 lrabeat
652 3089 824 3153 retinendae
872 3093 1059 3172 capacitatis

270 3181 509 3267 dominiijncto
522 3185 602 3266 lepos
620 3187 739 3252 ciuiles.

311 3281 447 3357 Quaestio
465 3287 572 3346 tertio.
593 3315 632 3330 -·-
646 3287 735 3347 idern
751 3285 925 3350 dicendum
949 3293 998 3351 est
1019 3289 1060 3352 da

271 3397 426 3458 resrrouso
440 3383 699 3458 omnitenttariaa,
714 3385 755 3446 ιι
770 3387 914 3448 tannarii
931 3385 1004 3450 1821
1020 3387 1060 3450 ud

271 3482 443 3560 quaesitum
460 3485 689 3546 oNanueteusi
707 3485 835 3549 dioerrosi
852 3491 1060 3568 expeditump

271 3579 364 3660 cuius
379 3582 505 3659 quesiti
524 3591 554 3644 et
566 3583 712 3660 responsi
729 3583 756 3645 is
772 3593 866 3648 tenor
886 3586 965 3650 luit:

311 3703 445 3766 alludia
462 3705 494 3767 in
510 3705 612 3768 Gallia
630 3713 869 3771 nostraaertunr
880 3719 927 3772 est
938 3713 1062 3778 monia·

271 3801 319 3865 les
336 3801 415 3884 (sire
432 3803 639 3884 daexpressa
655 3806 736 3888 legis
752 3807 895 3885 licentia,
925 3811 996 3877 site
1013 3821 1062 3876 to·

272 3901 405 3965 larentia
433 3911 565 3980 tautum,
583 3906 616 3967 in
636 3906 787 3970 clausura
809 3909 973 3986 redierint,
1005 3915 1061 3978 ubi

268 4001 359 4080 juxta
378 4001 510 4080 primam
531 4003 674 4082 regulam
696 4005 856 4080 viventes,
869 4011 1060 4076 accedentes

273 4099 397 4176 puellas
412 4099 451 4161 ad
467 4109 538 4161 rata
556 4101 765 4184 suscipiunt),
800 4105 846 4166 ita
862 4087 1062 4188 paupertatis

271 4204 377 4256 votnm
399 4197 550 4271 emittere,
565 4197 757 4277 jubentibus
790 4201 928 4283 iegibus,
943 4219 979 4269 nt
999 4211 1063 4275 sibi

271 4301 406 4371 paterno
420 4293 501 4356 bono
514 4295 701 4360 toradttote
728 4301 889 4366 obtinendi
903 4315 934 4368 et
961 4316 1059 4371 testo·

271 4404 372 4456 noento
387 4394 525 4460 donandi
529 4397 586 4478 jus
601 4399 770 4466 retineant.
787 4401 876 4468 Unde
887 4405 955 4470 fieri
973 4409 1060 4476 tide·

272 4500 324 4554 tur
342 4493 445 4574 utjam
461 4511 523 4558 rron
539 4495 694 4574 solemne,
710 4501 768 4563 sed
784 4500 925 4584 simplex
949 4523 1058 4574 uotum

271 4591 354 4658 illud
375 4593 430 4668 sit,
455 4599 487 4657 at
506 4595 603 4659 sinaut
628 4597 695 4662 dno
720 4599 784 4664 alia
799 4611 885 4679 rota,
905 4607 1059 4673 castitatis

270 4690 395 4755 scilicet
431 4700 464 4757 et
498 4693 703 4773 obedientia,
722 4699 884 4780 simplicia
911 4709 1059 4773 eradant.

270 4781 387 4867 Quaero
398 4791 498 4874 igitur
510 4800 618 4858 utrurn
634 4804 701 4860 tum
714 4800 873 4878 praedictas
888 4804 1057 4886 moniales,

271 4897 340 4954 tum
359 4892 466 4979 caeteri
488 4911 601 4958 omnes
617 4895 766 4962 homines
797 4901 867 4967 sire
886 4906 1059 4973 seculares

270 4995 340 5056 sire
367 4993 544 5074 regulares,
575 4997 682 5062 adbuc
707 4999 893 5080 subiaceant
910 5009 1059 5072 censuris

269 5093 485 5157 a'i'ridentina
501 5097 626 5177 synodo
641 5099 769 5162 edictis:
786 5117 901 5183 nempe
917 5122 956 5168 an
972 5125 1059 5186 quan·

269 5209 399 5273 cunque
434 5193 583 5257 monialis
617 5195 739 5278 absque
764 5199 906 5280 legitima
929 5204 1059 5270 licentia

270 5295 408 5357 claustro
426 5292 556 5372 exierit,
574 5303 670 5377 atque
684 5314 726 5360 an
740 5297 850 5380 quiris
868 5301 902 5363 in
919 5303 1056 5369 claustra

270 5394 462 5458 monialium
490 5395 660 5476 ingressus
691 5400 791 5464 fuerit
813 5404 884 5466 sine
915 5407 1057 5469 necessi-

269 5501 333 5557 tate
344 5493 497 5569 evidenti,
515 5504 550 5560 ut
569 5500 679 5561 statuit
696 5503 845 5581 predicta
858 5504 1058 5573 ¹Tridentino

271 5596 429 5674 synodus.
453 5614 578 5676 poenam
612 5599 710 5662 etiam
738 5618 827 5667 nunc
854 5605 997 5671 incurrat
1017 5609 1057 5672 ab

272 5691 331 5756 bac
350 5695 475 5773 syuodo
501 5699 674 5762 decretam.
689 5731 728 5744 -
755 5703 921 5779 Nannetis,
944 5707 998 5772 die
1018 5709 1059 5772 30

271 5792 564 5862 Nouembris1820.
586 5833 620 5844 ·-
637 5799 735 5878 Gaas,
752 5804 962 5870 aanorriaus.»
982 5823 985 5830 ·

772 387 885 454 IURlS
902 382 1082 452 CANONIOE
1098 383 1365 449 mnennoittla.

1150 494 1195 556 En
1220 493 1285 558 diei
1300 495 1341 556 ιιι
1354 494 1497 559 ιιιιιιιιι
1514 494 1589 560 tent
1604 495 1828 577 aespansou:

1149 597 1270 659 «Sacra
1295 595 1544 673 Poenitentiaria,
1561 597 1624 661 rita
1641 615 1801 680 perpensa
1811 619 1902 682 quaa·

1113 696 1234 771 stione,
1250 699 1288 760 ad
1305 696 1450 762 eamdem
1478 699 1669 778 respondet:
1691 701 1796 764 Notas
1824 703 1901 766 Gal-

1110 796 1226 861 liarum
1261 797 1431 873 moniales,
1454 815 1527 880 quas
1556 797 1742 862 institutum
1766 799 1900 882 aliquod

1109 897 1300 978 religiosum
1340 904 1515 984 sectantur,
1554 896 1587 960 in
1616 911 1683 976 quo
1719 897 1900 960 secuudum

1108 996 1181 1076 ejus
1211 996 1461 1075 acceptationem
1501 1003 1533 1060 et
1561 995 1830 1075 approbationem
1861 995 1902 1059 ab

1109 1098 1283 1176 apostolica
1298 1099 1379 1161 Sede
1392 1097 1517 1170 iactam,
1535 1095 1770 1176 professionem
1785 1096 1903 1160 solem-

1109 1215 1184 1262 nem
1211 1215 1247 1262 ac
1270 1198 1428 1262 solemnia
1459 1205 1533 1262 rota
1556 1199 1705 1262 emittere
1733 1196 1900 1268 «lebetem,

1109 1311 1142 1368 ot
1154 1299 1367 1364 nibilominus
1376 1317 1432 1379 per
1447 1306 1629 1380 temporum
1645 1298 1902 1363 circumstantias

1110 1408 1208 1481 atqua
1230 1418 1270 1462 sn
1278 1400 1424 1481 profatis
1443 1397 1622 1462 saionibus
1640 1407 1714 1462 coto
1744 1396 1904 1460 tinniunt

1110 1501 1270 1582 simplicio
1289 1498 1379 1562 modo
1400 1507 1601 1579 nuncupent,
1622 1497 1783 1562 moniales
1800 1495 1905 1574 proie-

1110 1610 1162 1666 cto
1173 1602 1262 1676 istas,
1277 1601 1352 1664 licet
1370 1615 1484 1680 magna
1498 1597 1783 1670 commendatione
1797 1595 1904 1675 dignas

1111 1702 1188 1773 sint,
1217 1702 1294 1766 dum
1309 1700 1495 1764 lracsaitem
1519 1700 1643 1764 ratione
1676 1699 1746 1762 Deo
1770 1696 1904 1760 interim

1111 1803 1234 1866 sarrire
1261 1803 1402 1874 student,
1420 1801 1506 1883 ipsas
1535 1809 1642 1866 nmen
1672 1797 1837 1862 inordina
1869 1813 1905 1860 ac

1113 1901 1271 1983 religione
1288 1919 1348 1967 sua
1363 1917 1436 1966 tero
1451 1902 1616 1982 proiassas
1637 1899 1700 1966 dici
1719 1897 1902 1962 accenseri

1112 2020 1177 2070 nou
1196 2021 1303 2085 posse.
1332 2007 1431 2070 Porro
1451 2005 1652 2069 Βοιιιιιιιιιιιι
1674 2019 1792 2083 parram
1817 2003 1901 2074 stat,

1112 2105 1279 2172 incelebri
1308 2124 1369 2172 sua
1398 2107 1647 2179 constitutione,
1681 2121 1757 2186 quaa
1786 2101 1904 2182 incipit

1113 2208 1296 2271 Periculose
1326 2205 1382 2292 (De
1399 2217 1485 2271 stato
1510 2205 1717 2288 repertorium,
1747 2205 1780 2266 in
1798 2203 1841 2283 a),
1873 2211 1904 2262 at

1111 2316 1252 2372 sanctam
1280 2309 1500 2374 Tridentinarn
1529 2301 1799 2389 synodumque
1823 2305 1905 2367 barro

1112 2409 1216 2488 ipsam
1257 2407 1414 2474 Boniiacii
1458 2409 1723 2474 constitutionem
1772 2413 1905 2471 renovat

1113 2507 1266 2588 [sessile
1281 2525 1310 2573 c.
1327 2511 1358 2583 b,
1383 2512 1428 2574 Da
1442 2511 1667 2590 reputaribur),
1693 2504 1903 2574 monasticam

1111 2605 1201 2670 illam
1213 2609 1394 2672 clausuram
1421 2625 1485 2672 non
1503 2607 1686 2689 iniungere,
1701 2605 1767 2670 nisi
1778 2605 1903 2666 ιιιιια-

1112 2706 1491 2789 libusrelipioneutsuorn
1503 2710 1678 2790 professis:
1702 2706 1791 2789 qnod
1817 2711 1904 2766 certe

1111 2808 1553 2887 intelligendumestderera
1568 2809 1762 2888 propriaque
1781 2805 1905 2884 proles·

1112 2909 1218 2983 sione,
1231 2911 1411 2972 secundum
1427 2908 1553 2972 ordinis
1569 2906 1760 2970 institutum
1775 2905 1818 2967 ab
1833 2921 1906 2983 apo

1112 3008 1226 3072 stolica
1240 3009 1322 3072 Sede
1339 3009 1552 3089 approbatum
1567 3025 1575 3070 :
1590 3023 1689 3071 noras
1707 3005 1812 3084 igitur
1829 3005 1905 3066 istas

1112 3108 1288 3172 Galliarum
1307 3109 1475 3186 modiales,
1507 3110 1548 3173 da
1567 3108 1688 3188 quibos
1717 3121 1829 3170 serora
1845 3111 1904 3177 est,

1111 3210 1263 3271 monnica
1282 3207 1343 3271 ista
1381 3214 1412 3270 et
1456 3205 1620 3288 pontilicis
1644 3205 1806 3268 clausuras
1836 3203 1905 3281 lego

1112 3307 1246 3370 minime
1263 3307 1478 3396 astsirrgi....r
1497 3305 1717 3386 (Gennesar,
1735 3303 1813 3368 Etot
1829 3301 1907 3365 reli-

1110 3408 1220 3488 piano,
1237 3415 1314 3470 tom.
1328 3406 1367 3481 il,
1383 3423 1456 3487 pag.
1467 3407 1538 3481 ιιι,
1554 3405 1633 3470 edit.
1649 3404 1753 3484 rost.)

1151 3507 1200 3571 lbi
1225 3507 1323 3571 etiam
1349 3523 1517 3587 exponens
1546 3514 1699 3588 tanquam
1730 3504 1905 3568 entumde

1112 3607 1391 3672 omnibusGatliaa
1421 3606 1620 3670 monialibus
1650 3605 1829 3681 asserebat,
1854 3622 1906 3668 aas

1112 3707 1156 3772 ita
1171 3725 1289 3773 sotere
1324 3717 1557 3789 paupertatem,
1581 3718 1615 3772 ut
1630 3708 1693 3772 sibi
1719 3709 1908 3789 possetint·

1110 3816 1183 3871 rant
1199 3807 1338 3872 habendi
1358 3809 1516 3883 domiuii;
1545 3809 1635 3890 qnod
1667 3808 1754 3870 idem
1774 3813 1844 3876 erat
1873 3823 1906 3868 sc

1111 3914 1264 3986 tanquam
1292 3916 1417 3970 certum
1437 3923 1597 3982 asserere,
1619 3907 1780 3986 simplicia
1807 3907 1903 3972 dum-

1113 4015 1196 4070 taxat
1218 4016 1289 4070 rota
1301 4010 1340 4072 ab
1355 4008 1437 4088 ipsis
1455 4008 1612 4072 emitti...

1151 4103 1293 4182 Quaestio
1308 4117 1434 4186 quarto.
1446 4141 1482 4154 -
1498 4106 1656 4171 litteralia
1670 4107 1781 4180 dubia,
1794 4106 1906 4170 Gallim

1114 4205 1273 4268 uroniales
1302 4206 1528 4286 respicientia,
1560 4206 1779 4288 postulaverat
1804 4209 1905 4269 Ceno

1113 4303 1277 4366 mancosis
1297 4305 1495 4384 episcopusr
1574 4355 1576 4360 ,
1662 4353 1666 4358 .

1153 4403 1272 4477 «Cum,
1290 4421 1329 4466 ex
1341 4402 1463 4484 pluries
1474 4404 1607 4482 decisis,
1624 4413 1697 4472 tota
1713 4407 1905 4472 monialium

1111 4504 1144 4570 in
1157 4505 1269 4580 Gallia,
1302 4505 1347 4568 uti
1365 4506 1559 4587 simplicius
1585 4515 1694 4570 sancta
1713 4508 1797 4571 Sede
1821 4509 1905 4570 aesti-

1113 4612 1254 4680 mentur,
1270 4606 1440 4686 sequentia
1459 4607 1786 4673 nascunturdubia...
1801 4610 1834 4671 ι·
1857 4613 1904 4672 ltu

1111 4710 1222 4767 toturn
1248 4703 1456 4784 ingrediendi
1474 4704 1667 4786 religionem
1682 4707 1757 4770 seui
1773 4717 1905 4787 aposto·

1111 4803 1182 4868 licat
1196 4803 1238 4866 sit
1252 4812 1491 4870 reservatum...
1506 4839 1545 4852 -
1560 4804 1652 4870 i0An
1667 4806 1708 4872 dc
1722 4810 1806 4872 rotis
1824 4808 1906 4876 viro

1112 4895 1905 4986 rumidemdicendumaitacdctotismonialium,

1113 5013 1147 5066 ut
1164 5001 1323 5066 ridetur.»

1152 5103 1210 5166 iiie
1248 5113 1355 5168 nutem
1385 5105 1405 5168 3
1429 5106 1574 5170 ιιιιιιιιιι
1604 5108 1683 5172 1836
1710 5126 1903 5190 responsum

1111 5216 1187 5268 est:

1152 5307 1266 5368 «Sacra
1283 5305 1531 5384 Poenitentiaria,
1549 5310 1905 5396 perpensisdiligentar

1111 5409 1288 5489 propositis
1299 5407 1560 5491 dubiisiaataque
1570 5413 1814 5493 praemissorum
1828 5419 1903 5481 reta·

1112 5511 1201 5572 tione
1234 5509 1438 5574 sanctissimo
1468 5511 1602 5576 domino
1627 5515 1789 5594 Gregorio
1819 5534 1903 5596 papan

1113 5611 1185 5674 xvt
1210 5610 1399 5692 respondit:
1441 5611 1694 5696 caprimon...
1711 5651 1751 5664 —
1776 5619 1828 5681 Ad
1855 5637 1902 5680 se-

1111 5710 1259 5788 cundun,
1286 5709 1483 5779 allirmatire.
1517 5715 1721 5782 seductum
1754 5719 1901 5784 mulieris

1111 5811 1204 5892 cujus
1238 5811 1379 5880 intentio
1418 5816 1598 5896 respexerit
1639 5819 1679 5884 ad
1705 5819 1900 5886 monasteria
