4046 6460
88 920 94 963 i

88 1091 93 1142 i

94 439 151 503 ist

95 563 262 622 serenare,
279 547 329 614 rel
345 566 385 614 ex
396 555 563 631 precepto,
581 551 629 616 eal
644 568 684 614 ex
698 559 784 614 roto.
799 549 889 614 llnde

96 651 179 732 quie
203 667 221 714 n
247 652 316 714 neo
339 651 510 732 tripliciter
534 653 687 717 recedere
705 667 893 732 possumus,

97 747 285 810 secundum
301 758 365 810 tres
389 749 502 812 modos
522 748 761 828 conjunctionis
779 747 895 812 debite

98 847 139 910 ed
155 847 281 926 ipsum,
291 847 415 912 scilicet
428 865 484 929 per
500 847 607 922 tidem,
621 849 850 924 obedientlam,
863 856 894 911 et

103 950 299 1032 religionem
331 949 527 1031 professam,
558 951 607 1014 rel
644 967 770 1014 sucrum
808 951 894 1014 ordi·

104 1067 182 1112 nem
197 1057 398 1130 susceptum,
422 1050 497 1114 ideo
521 1050 635 1129 triplex
662 1049 893 1127 estapostasie,

100 1166 162 1212 seu
177 1149 317 1214 delectio
339 1151 462 1214 scillcet
478 1167 495 1213 a
511 1153 584 1224 ilde,
602 1150 799 1225 obedientie,
816 1149 894 1213 reli-

101 1250 200 1340 gione
218 1250 374 1331 prolesse,
392 1252 442 1314 rel
458 1252 574 1315 ordine
590 1267 680 1315 sacro
695 1257 857 1329 suscepto.
877 1271 892 1308 ι

102 1353 161 1427 (lta
179 1352 394 1414 communiter
405 1353 567 1426 doctores,
584 1368 656 1415 cum
671 1351 747 1414 diro
758 1350 892 1426 Tlrome,

102 1451 171 1522 Μ,
188 1460 301 1533 quiesi.
315 1453 363 1528 ld,
376 1461 435 1517 art.
452 1455 481 1516 t.
499 1485 536 1498 -·
552 1455 696 1516 Faunae.
711 1451 896 1532 verbipo-

102 1553 217 1626 stceia,
234 1571 266 1615 n.
283 1555 326 1634 1.)

141 1653 184 1715 II.
214 1653 260 1712 ue
282 1652 481 1733 apostasiae
501 1651 667 1733 reiigione.
692 1685 731 1698 -
760 1673 777 1711 a
805 1657 893 1730 Apo·

102 1753 202 1814 etesia
222 1771 238 1816 e
264 1753 422 1834 religione
440 1753 571 1835 proprie
588 1754 752 1835 loquendo
767 1761 817 1817 est
832 1753 895 1817 cri·

104 1852 230 1914 nlinosa
259 1854 416 1917 discessio
448 1871 466 1917 e
496 1854 655 1935 religione
688 1872 761 1918 cum
785 1854 894 1918 animo

104 1952 891 2034 nonempliusredenndiedregulareiustitututu.

104 2055 230 2119 Dicitur
243 2055 415 2118 criminosa
430 2054 591 2130 discessio,
606 2054 646 2117 ed
673 2053 894 2118 denotandum

103 2156 191 2235 quod
207 2157 244 2218 ed
263 2155 490 2218 incurrendam
502 2154 826 2234 veramapostusiam,
838 2154 895 2218 de·

103 2253 156 2314 bet
173 2269 246 2318 esse
265 2254 434 2316 temerarie
460 2254 637 2328 discessio,
662 2261 693 2316 et
716 2253 796 2316 lacte
822 2255 894 2318 sine

107 2350 236 2414 licentis
251 2352 445 2431 superioris,
465 2353 552 2416 unde
569 2359 722 2433 apostate
738 2367 802 2416 non
817 2362 895 2416 sunt

103 2453 161 2532 qui
184 2453 357 2517 discedunt
384 2469 458 2518 cum
489 2453 633 2532 legitima
654 2451 825 2529 lacultete,
843 2453 893 2516 rel

103 2552 286 2616 liberentur
312 2569 330 2616 e
358 2553 500 2635 regulari
532 2553 760 2628 observantia,
785 2551 834 2616 vel
854 2553 893 2616 ed

105 2648 327 2730 episcopatum
352 2649 497 2730 legitime
526 2649 765 2714 transferuntur
789 2650 894 2732 [juxta

106 2749 246 2822 Cleml,
259 2751 303 2812 Ile
315 2749 428 2831 steen).
446 2750 570 2812 Dicitur
587 2761 694 2814 autem
711 2753 894 2814 semanimo

106 2866 171 2912 aaa
191 2847 328 2928 ampiius
350 2847 506 2911 redeundi
528 2847 571 2911 ari
594 2849 742 2930 requirere
766 2851 896 2914 institu-

106 2959 183 3026 tum,
208 2951 253 3018 ,etl
281 2949 501 3013 denotandum
528 2949 616 3030 quod
648 2957 685 3012 ut
712 2951 896 3014 incurratur

106 3066 183 3114 rere
199 3051 371 3130 apostasia,
386 3051 483 3114 debet
496 3049 607 3114 baberi
624 3051 753 3114 enimus
773 3051 899 3115 delibe-

105 3158 196 3214 ratus
211 3169 378 3233 nunquam
393 3151 567 3226 redeundi,
587 3151 656 3215 sire
672 3152 711 3216 ad
724 3169 821 3216 suum
839 3153 897 3216 de·

105 3253 269 3330 relictum,
281 3253 349 3318 sire
360 3253 399 3317 ad
411 3253 498 3316 allud
509 3253 731 3334 quodcunque
746 3252 896 3335 regulare

105 3353 306 3417 institutum.
329 3354 419 3416 Unde
441 3352 518 3433 quia
539 3352 731 3434 areligione
752 3352 896 3432 prolosso

108 3456 206 3518 etiam
223 3453 294 3516 sine
308 3453 451 3535 legitima
465 3451 615 3516 tenuitate
630 3454 668 3515 ad
683 3453 778 3515 uliam
795 3453 897 3516 laxio-

105 3570 174 3616 rem
192 3553 353 3627 transiret,
370 3571 434 3617 uon
455 3563 543 3618 esset
559 3554 704 3634 rigorose
720 3563 752 3617 et
767 3555 896 3635 proprie

105 3661 261 3734 apostata.
281 3653 367 3737 stlta
383 3655 527 3718 Iuenna.
545 3653 620 3716 iiiii.
641 3671 672 3715 n.
686 3654 737 3728 22,
754 3670 827 3715 cum
844 3655 897 3716 ln·

106 3765 237 3819 nocent.
254 3755 289 3817 in
305 3769 375 3834 cap.
397 3753 632 3830 terelleetmus,
648 3771 721 3816 cum
737 3753 853 3816 Glosse
865 3762 896 3818 et

105 3856 181 3918 aliis
202 3855 385 3936 plurimis.)
413 3854 479 3917 Alii
503 3862 608 3917 tamen
633 3854 795 3916 sustinent
817 3870 897 3934 apo-

104 3963 218 4020 statem
232 3973 304 4018 esse
320 3954 378 4038 qui
393 3973 457 4018 non
474 3955 572 4035 petite
585 3953 715 4019 licentia
731 3953 843 4018 transit
857 3956 895 4018 ad

104 4061 202 4124 aliam
219 4059 451 4140 religionem...

145 4162 204 4225 lll.
220 4160 422 4238 Apostesiam
444 4175 518 4222 rere
533 4159 683 4232 incurret,
701 4158 758 4240 qui
781 4175 799 4221 e
821 4156 896 4222 rell·

104 4263 204 4346 gione
220 4271 341 4327 temere
355 4262 494 4326 discedit
508 4275 581 4323 cum
604 4259 713 4322 animo
742 4275 805 4322 non
827 4275 896 4322 om·

106 4366 195 4446 plius
224 4363 399 4437 redeundi,
424 4360 553 4425 etiamsi
584 4363 722 4421 retineat
738 4358 897 4421 habitum.

103 4467 153 4530 Ex
172 4463 321 4546 pluribus
340 4461 513 4542 pontificiis
527 4459 719 4524 decretis...
740 4457 896 4538 (iuuene.

106 4568 197 4632 verb.
213 4567 394 4648 Apostasie,
412 4583 444 4628 n.
457 4565 522 4645 23.)

145 4673 202 4734 tv.
230 4667 386 4749 Fugitivi,
416 4665 524 4729 idest
551 4663 608 4745 qul
637 4661 899 4726 aumenimore·

105 4771 233 4836 deundi
262 4769 446 4843 discedunt,
476 4765 625 4848 quamvis
653 4780 717 4827 non
743 4765 808 4826 sint
824 4780 898 4844 pro·

107 4855 179 4952 prie
193 4877 355 4950 apostate,
377 4876 482 4932 tamen
502 4867 537 4929 in
558 4864 648 4946 praxi
670 4871 701 4927 et
718 4864 792 4944 jure
812 4881 899 4928 com·

335 437 431 503 utus
449 441 505 504 ΙΙΙ.
528 443 577 504 ult
597 439 1029 506 ennsouts.-t.1u.vllt.
1051 443 1100 506 ult
1121 443 1408 522 abducturum,
1429 443 1508 508 und.

1675 449 1731 515 eoo

945 549 1087 615 colorato
1104 560 1260 638 pretextu
1272 554 1503 635 regentibus...
1519 556 1557 620 Et
1571 556 1618 620 sic
1633 556 1738 622 decla·

945 660 1050 716 ratum
1065 652 1170 718 luisse
1187 672 1298 720 aseer.
1311 672 1421 738 congr.
1435 655 1530 721 retent
1543 657 1737 739 liodriguez.

1053 757 1079 818 Δ
1101 754 1230 820 tortiori
1253 773 1319 820 non
1344 765 1393 822 est
1417 765 1560 836 eposteta
1579 761 1737 840 regularis

945 873 1115 920 recurrens
1128 868 1215 922 recto
1230 858 1355 922 tremite
1369 860 1407 922 ad
1420 859 1534 922 Urbem
1548 859 1736 940 agravami·

946 958 1043 1021 nibus
1084 960 1292 1040 superiorum
1327 960 1397 1023 sine
1436 977 1549 1024 eorum
1593 963 1735 1036 licentia,

943 1057 1120 1122 dummodo
1156 1074 1221 1121 non
1255 1065 1404 1137 regetur,
1438 1065 1469 1120 et
1497 1077 1533 1122 se
1563 1067 1737 1138 presentet

944 1160 983 1221 u.
998 1159 1032 1222 P.
1053 1159 1092 1220 [l.
1116 1157 1291 1219 secretario
1312 1173 1394 1222 secer.
1420 1174 1531 1236 congr.
1555 1165 1590 1221 ut
1614 1159 1737 1238 pluries

943 1257 1006 1320 luit
1025 1259 1231 1322 decretum...
1260 1256 1358 1333 (tota.
1378 1276 1409 1322 ιι.
1424 1259 1466 1320 uu
1480 1258 1605 1340 etseq.)

985 1357 1039 1420 Vl.
1064 1356 1234 1438 lteguleris
1253 1356 1418 1420 dimittens
1441 1357 1586 1420 habitum
1604 1359 1643 1422 ed
1671 1360 1739 1423 eri·

944 1458 1040 1522 tenda
1067 1459 1210 1538 pericula
1236 1475 1299 1523 non
1342 1468 1390 1523 est
1411 1465 1566 1540 apostate,
1593 1468 1625 1521 et
1649 1459 1737 1524 licite
1851 1473 1854 1478 “

944 1561 1021 1640 agit.
1056 1559 1089 1623 Si
1112 1576 1189 1624 reru
1219 1560 1395 1639 religiosus
1424 1557 1568 1642 babitum
1601 1559 1738 1622 dimittet

945 1658 1081 1724 liberius
1095 1660 1235 1740 regendi
1245 1677 1353 1735 cause,
1368 1661 1737 1724 excommunicetIonem

944 1759 1015 1838 ipso
1027 1759 1112 1824 lecto
1123 1760 1275 1823 incurrit.
1293 1759 1389 1843 (ibid.
1406 1776 1437 1823 n.
1453 1760 1493 1821 39
1508 1767 1618 1840 etseq.
1632 1760 1738 1840 etld.)

985 1859 1060 1920 vll.
1076 1859 1359 1938 Poeneeepostasiae
1374 1875 1392 1921 a
1406 1858 1565 1939 religione
1580 1875 1639 1921 seu
1654 1866 1740 1921 stetn

944 1954 1100 2035 religioso
1113 1955 1153 2018 de
1167 1955 1241 2034 jure
1257 1956 1421 2018 communi
1442 1965 1520 2018 sunt
1535 1965 1713 2036 sequentes
1729 1974 1737 2021 :

943 2054 1055 2116 Prima
1084 2059 1133 2115 est
1150 2053 1453 2130 excommunicatio,
1469 2071 1541 2136 que
1556 2055 1628 2134 ipso
1649 2054 1732 2118 iacto

944 2155 1121 2220 incurritur
1137 2154 1165 2216 si
1186 2155 1237 2218 ilat
1259 2156 1421 2232 apostasia
1443 2172 1516 2218 cerm
1546 2155 1739 2219 dimissione

944 2255 1084 2319 babitus.
1102 2253 1155 2336 (C.
1175 2255 1212 2317 iii
1226 2255 1409 2335 periculosa
1428 2256 1466 2329 Ι,
1492 2255 1537 2319 Ne
1556 2255 1665 2318 clerici
1689 2253 1736 2318 usi

942 2353 1195 2429 monastices)
1219 2356 1318 2418 Secus
1337 2362 1446 2417 autem
1464 2355 1493 2419 si
1512 2355 1671 2434 apostasia
1687 2355 1738 2416 liat

944 2475 1017 2520 cum
1033 2456 1214 2519 retentione
1241 2453 1384 2530 habitus,
1410 2457 1487 2536 quia
1503 2453 1616 2518 nullus
1631 2461 1739 2516 textus
1827 2476 1833 2495 ·

944 2552 1739 2634 dictamexcommunIcetioneminlligensellegari

945 2663 1060 2736 potest.
1080 2675 1095 2711 ι
1111 2653 1308 2715 -Secundo
1325 2671 1416 2733 poena
1443 2661 1492 2717 est
1508 2653 1685 2731 suspensio
1697 2653 1737 2715 ub

945 2753 1114 2818 ordinibus
1131 2753 1243 2828 sacris,
1266 2760 1298 2816 et
1320 2755 1347 2816 sl
1369 2755 1507 2817 durante
1522 2752 1739 2834 suspensione

945 2854 1103 2930 celebret,
1119 2854 1152 2917 tlt
1176 2852 1380 2934 irregularis.
1395 2853 1557 2914 -Tertia
1572 2867 1662 2932 pruna
1678 2861 1738 2925 est,

945 2949 1032 3035 quod
1047 2954 1184 3018 durante
1208 2953 1384 3034 apostasia,
1410 2951 1572 3034 regularis
1595 2957 1740 3030 apostate

947 3056 1078 3119 exelstet
1094 3054 1240 3134 privatus
1257 3053 1439 3134 privilegiis
1464 3069 1532 3116 sum
1555 3050 1738 3132 religionis.

948 3157 1083 3240 (Concii.
1102 3155 1247 3220 Tridect.
1274 3171 1358 3219 sess.
1380 3156 1432 3231 25,
1449 3151 1607 3234 Deregui.
1627 3169 1653 3214 c.
1678 3153 1739 3232 to.)

945 3257 1066 3320 lisdem
1092 3256 1193 3336 poenis
1217 3253 1436 3335 subjicIunlur
1457 3253 1740 3334 fugitivi-Sunt

946 3359 1041 3422 etiem
1071 3357 1143 3421 alie
1172 3373 1273 3437 pene
1300 3354 1371 3419 leta
1398 3355 1432 3418 iu
1464 3355 1625 3435 cujusque
1656 3353 1736 3416 reli-

949 3458 1057 3540 gionis
1077 3455 1376 3531 constitutionibus,
1395 3455 1429 3518 in
1449 3456 1571 3536 quibus
1585 3452 1654 3516 iere
1670 3469 1739 3517 om·

948 3561 1045 3623 nibus
1081 3568 1130 3622 est
1166 3557 1318 3638 imposita
1342 3555 1632 3621 excommunicatio
1666 3555 1739 3633 ipso

945 3661 1028 3725 iacto
1053 3659 1248 3722 incurreuda
1272 3657 1312 3720 ub
1340 3656 1493 3734 aposletIs
1515 3661 1547 3717 el
1570 3653 1735 3734 fugitivis,

946 3761 1016 3823 sire
1028 3757 1138 3820 habitu
1149 3762 1285 3828 retento,
1296 3753 1524 3826 siredimisso,
1541 3752 1593 3814 liat
1606 3760 1737 3829 aposta·

946 3857 993 3923 sia
1007 3866 1062 3921 eut
1078 3857 1166 3938 luga.
1185 3879 1200 3915 n
1221 3853 1317 3938 (ltili.
1334 3873 1367 3918 n.
1384 3853 1424 3916 li
1438 3861 1469 3916 et
1485 3850 1566 3933 seq.)

985 3962 1071 4024 Vlll.
1093 3963 1262 4040 Apostatas
1292 3965 1324 4021 el
1350 3955 1506 4036 fugitivos
1530 3952 1738 4034 recipientes,

946 4063 1123 4125 retinentes
1149 4061 1200 4124 rel
1224 4059 1438 4133 occultantes,
1459 4063 1513 4120 aut
1528 4056 1576 4119 eis
1593 4070 1651 4136 pro
1664 4052 1740 4132 luga

946 4174 978 4228 et
992 4163 1153 4244 apostasia
1178 4161 1353 4226 consilium
1386 4168 1441 4222 aut
1467 4157 1627 4221 auxilium
1663 4173 1732 4236 pre

947 4272 1081 4339 stantes,
1094 4270 1224 4344 peccant
1244 4260 1434 4335 mortaliter,
1450 4265 1481 4322 et
1499 4260 1571 4338 ipso
1585 4255 1667 4319 lacto
1681 4272 1741 4319 ex·

947 4361 1274 4430 communicationem
1303 4361 1500 4432 incurrunt,
1534 4364 1568 4419 ut
1594 4362 1678 4436 petat
1701 4371 1740 4418 ex

948 4465 1097 4548 pluribus
1106 4461 1395 4527 constitutionibus
1409 4457 1596 4540 pontificiis.
1614 4479 1629 4515 s
1646 4454 1739 4535 (ibid.

949 4565 1062 4642 ulid.)

987 4666 1044 4728 lx.
1088 4660 1213 4726 Praelati
1246 4677 1306 4724 eeu
1345 4657 1534 4738 superiores
1574 4655 1740 4735 regulares

949 4771 1101 4830 tenentur
1127 4761 1284 4843 ingitiros
1303 4777 1364 4823 seu
1387 4765 1546 4839 apostatas
1575 4754 1742 4835 requirere

949 4873 980 4930 et
994 4881 1155 4937 rovocare,
1172 4870 1203 4924 et
1218 4877 1274 4927 eos
1285 4877 1399 4940 cogere
1416 4857 1505 4921 ulad
1523 4857 1670 4920 ordinem
1689 4873 1741 4920 re·

106 4971 254 5038 munitet
276 4971 479 5049 accipiuntur
508 4975 538 5031 ct
567 4973 741 5030 tractentur
769 4971 806 5029 ut
831 4967 897 5029 reri
950 4973 1126 5029 vertantur.
1144 4963 1233 5045 (Cap.
1254 4959 1471 5039 lterelipiosi
1484 4933 1535 5032 ui,
1554 4958 1597 5020 ue
1617 4955 1744 5038 regule·

105 5081 273 5155 apostatae.
289 5070 384 5155 (tota.
401 5089 434 5134 n.
451 5071 491 5132 ut
506 5080 537 5132 at
552 5067 635 5147 seu.)
950 5068 1051 5142 ribus,
1065 5067 1120 5131 lib.
1136 5065 1303 5128 rnDecret.
1319 5057 1703 5168 tlt.xxxr.)(1otd.n.5l.l

148 5175 187 5234 v·
203 5196 218 5228 Ι
236 5173 306 5236 N⁰⁰
322 5178 369 5233 θεῖ
389 5177 493 5233 ῑθωθῐ]
512 5174 655 5247 ⁸P⁰SI⁸I⁸
671 5165 826 5244 “8⁰¹⁸ss
841 5167 899 5248 qui
953 5187 967 5261 5
987 5187 1024 5243 ΙΙ.
1040 5217 1075 5230 -
1096 5183 1135 5242 Ile
1162 5185 1299 5257 ejectione
1323 5183 1513 5266 religiosorum
1539 5181 1586 5252 qui
1612 5179 1744 5236 solemnia

106 5275 232 5356 injuste
250 5281 281 5336 et
307 5269 492 5335 notabiliter
507 5279 657 5350 gravetur
678 5285 697 5330 a
717 5269 898 5348 superiore,
1235 5261 1463 5312 diffiderunt

36 5411 39 5418 ·
107 5385 139 5437 et
157 5389 223 5436 non
240 5372 361 5435 babens
376 5369 466 5434 eliud
481 5367 673 5442 remedium,
689 5379 773 5430 recta
791 5366 841 5430 rie
861 5371 900 5431 ad
994 5369 1201 5451 l.ileligiosi
1227 5369 1368 5449 professi
1402 5385 1476 5432 rare
1504 5363 1743 5446 incorrigibiles

108 5475 306 5558 generalem,
330 5471 570 5553 provincialem,
592 5476 646 5532 aut
666 5468 746 5532 elios
761 5469 801 5531 ad
816 5485 900 5550 quos
953 5479 1101 5554 possunt,
1128 5470 1264 5535 serratis
1297 5469 1483 5541 servandis,
1513 5468 1602 5531 licite
1631 5465 1703 5545 ejici
1725 5483 1742 5529 u

110 5579 153 5642 de
169 5577 241 5658 1¹¹¹?ss
263 5574 405 5648 medii·
422 5573 545 5653 ⁸b⁵<l¹¹⁰
559 5570 690 5634 Hiemi&
707 5569 899 5650 ῦΰΙθΙῙΟΓΙι.
953 5575 1122 5655 religione.
1137 5571 1212 5633 lites
1224 5567 1392 5632 conclusio
1407 5575 1491 5631 certa
1507 5575 1556 5630 est
1571 5573 1601 5629 et
1617 5565 1744 5628 eruitur

111 5679 178 5742 llec
206 5675 305 5742 olllcit
332 5675 421 5756 quod
446 5673 592 5738 decernit
616 5671 733 5736 concil.
754 5671 899 5735 Trident.
954 5671 1121 5738 exmultis
1147 5669 1234 5751 juris
1259 5669 1432 5749 capitibus,
1462 5677 1493 5732 et
1521 5666 1657 5729 babetur
1683 5681 1744 5728 ex·

110 5797 181 5862 cap.
194 5782 225 5856 b,
241 5797 324 5844 sess.
340 5779 392 5854 et,
407 5779 453 5840 lle
473 5775 589 5858 repul..
605 5775 640 5839 in
655 5791 721 5857 quo
737 5775 842 5856 egitur
861 5773 903 5838 de
954 5789 1065 5854 presse
1080 5773 1115 5836 in
1131 5771 1270 5838 decretis
1288 5770 1404 5835 Urbani
1425 5771 1499 5834 vltt
1524 5778 1556 5833 et
1580 5772 1744 5832 lunocen·
1843 5763 1845 5768 '
1947 5845 1954 5853 ι

112 5883 322 5966 regularibus
348 5899 390 5949 ex
416 5897 634 5964 quoeunque,
662 5877 737 5956 leri,
762 5875 851 5944 inani
872 5883 903 5940 et
955 5873 992 5940 tii
1011 5875 1082 5954 ttll,
1104 5891 1178 5957 que
1195 5881 1272 5942 sunt
1298 5872 1411 5956 regule
1437 5879 1469 5940 et
1496 5887 1608 5941 norma
1635 5869 1745 5936 obser·
