4042 6458
119 393 173 460 lob

118 521 229 570 rerum
256 511 419 586 raptorum
440 524 512 572 esse
538 508 577 573 ad
602 509 740 578 salutem
764 527 913 576 necessa·

120 603 200 668 riam
230 605 427 670 necessitate
461 608 634 689 praecepti3
662 616 692 674 et
726 609 912 691 regularum

115 703 204 785 juris
223 705 372 770 canonici
394 706 647 772 immutabilium
664 727 730 774 una
751 711 799 774 sie
814 709 913 774 babo·

123 813 203 865 tur:
230 803 303 868 Non
330 807 504 869 remittitor
525 816 702 887 peecatum,
729 811 793 874 aiei
819 811 913 873 resti-

120 912 235 966 tuatur
255 903 406 970 oblatum.
434 905 481 970 nd
506 907 744 972 restitutionem
771 908 914 974 Ecclesia

120 1001 247 1083 obligat
264 1019 377 1067 omnes
393 1003 433 1068 ad
449 1004 602 1069 damnum
617 1005 788 1070 efficaciter
801 1023 916 1089 coope-

120 1109 248 1178 rantes3
264 1102 393 1166 damnat
417 1121 550 1168 usuram
576 1111 728 1188 tanquam
741 1107 827 1188 juris
842 1122 915 1187 per·

120 1219 279 1268 sonarum
306 1203 533 1283 violationem3
559 1207 686 1271 damnat
701 1223 815 1272 omues
835 1225 916 1272 usu-

120 1304 284 1369 rariorum
302 1310 523 1370 contractuum
534 1307 675 1388 species.

160 1406 430 1472 concludendum
456 1415 506 1472 est
528 1425 605 1490 ergo
619 1411 707 1492 qttod
722 1409 824 1475 altum
841 1428 915 1490 pro-

119 1507 270 1589 prietatis
293 1509 475 1574 dominium
501 1511 544 1574 sit
568 1512 602 1576 in
631 1513 916 1591 calamariae

119 1608 196 1686 ipso
229 1609 264 1671 iu
301 1609 549 1677 inviolabilitate
573 1613 722 1680 humanm
755 1631 915 1696 persone,

120 1725 219 1789 quarn
236 1711 326 1774 Deus
342 1711 474 1778 liberam
493 1717 625 1781 crearit.

161 1812 917 1891 Saetabilitasltemenbumanemuluasetneees·

121 1913 225 1978 serias
236 1915 364 1996 iuriam
379 1919 611 1985 concessiones
626 1940 643 1987 a
659 1927 812 2004 personis
829 1927 916 1992 inter

121 2017 914 2114 se,aper-sonisetfamlliisergaaationemexigit,

120 2122 220 2196 atque
235 2117 389 2182 omnibus
403 2137 476 2201 erga
489 2129 678 2201 potestatem
688 2125 793 2192 cilicia
808 2129 917 2210 injun-

121 2215 182 2295 git.
199 2218 268 2280 Lex
279 2217 439 2297 generalis
451 2220 610 2301 imprimis
628 2223 724 2288 debet
742 2237 858 2292 sartam
869 2235 916 2293 te-

120 2317 302 2382 etamtueri
315 2319 553 2399 proprietatem,
567 2330 676 2403 postea
687 2328 916 2408 proprietario·

121 2435 197 2480 rum
226 2427 353 2485 mutuas
372 2426 600 2488 concessiones
619 2426 780 2509 regulare.
804 2429 917 2497 Officia

121 2535 203 2584 vero
213 2526 245 2583 et
258 2519 365 2588 debite
382 2523 670 2609 proprietatiserga
682 2536 801 2595 statum
811 2539 843 2596 et
858 2551 917 2615 gu·
943 2607 944 2612 ἵ

121 2620 277 2688 bernium
295 2635 463 2706 nequeunt
488 2628 629 2711 regulari
655 2640 688 2695 ct
707 2632 916 2702 determinari

124 2740 186 2804 per
207 2724 341 2796 unicum
355 2730 525 2809 potestatis
540 2731 723 2810 arbitrium,
745 2735 813 2802 nisi
833 2736 917 2804 falso

125 2831 322 2904 protensum
342 2827 444 2896 allum
468 2837 569 2895 status
587 2833 692 2898 solius
709 2837 916 2918 proprietarii

124 2925 311 2994 dominium
327 2929 524 2996 reducendo.
553 2935 683 2998 iuriam
702 2934 832 3004 libratio
847 2955 918 3004 om·

124 3026 233 3105 oium,
244 3028 383 3110 justitio
401 3033 558 3097 naturalis
572 3037 706 3117 equitas
728 3037 867 3119 exigunt
882 3047 917 3105 ut

124 3142 239 3203 onera,
256 3129 401 3208 decimae,
422 3132 528 3211 tellio,
546 3141 577 3199 et
592 3154 794 3221 quocunque
812 3139 917 3222 impe.-

124 3231 266 3297 sitioncs
292 3249 392 3313 super
418 3236 647 3316 proprietatem
669 3241 917 3306 consentieutur

123 3347 144 3394 a
173 3331 398 3413 proprietariis
424 3346 480 3401 aut
503 3339 543 3402 ab
569 3357 684 3406 eorum
708 3343 916 3409 mandatariis

123 3433 418 3510 responsabilibus.

166 3532 230 3600 Sed
246 3551 313 3612 quo
329 3536 446 3603 melius
460 3539 643 3606 ostenditur
660 3541 836 3608 Ecclesiam
851 3561 917 3610 nen

125 3631 241 3697 ridere
256 3637 454 3716 gnbernium
475 3646 628 3722 tanquam
651 3643 688 3706 in
711 3645 918 3711 subditorum

125 3737 382 3816 proprietalibus
407 3741 507 3804 altum
529 3743 712 3810 dominium
726 3747 861 3825 babens,
876 3766 918 3813 ex

126 3851 169 3899 co
191 3836 262 3917 ipso
290 3848 338 3903 est
364 3842 675 3926 modejurtaquem
703 3848 841 3926 ipsemet
857 3856 919 3913 tra·

126 3937 220 4000 ditet
236 3946 344 4004 tuetur
358 3941 564 4008 subditorum
576 3945 649 4026 jura
664 3953 696 4011 el
708 3948 814 4013 officia
833 3951 916 4014 reia·

126 4037 196 4103 tire
221 4039 262 4102 ad
279 4040 399 4106 tributa
418 4048 450 4106 ιι
471 4045 729 4111 contributiones
752 4065 832 4130 quas
856 4069 918 4132 gu·

125 4138 279 4206 bernium
289 4141 345 4223 jus
360 4141 555 4208 reclamandi
567 4152 600 4210 et
610 4147 800 4228 imponendi
819 4157 918 4218 tenet.

128 4241 212 4303 «Ad
235 4241 395 4323 Justitiam
423 4244 643 4325 gabeiiarum,
668 4246 865 4314 tributorum
888 4258 921 4317 el

127 4340 333 4422 hujusmodi,
346 4353 411 4408 tres
426 4346 632 4426 potissimum
649 4349 854 4415 conditiones
868 4367 937 4417 ref

128 4445 920 4536 quirualur.(Communisdoctorum.)Primaest,

128 4554 167 4610 ιιι
183 4545 326 4628 legitime
349 4549 538 4614 auctoritate
557 4550 709 4632 imposita
734 4555 812 4620 sint.
829 4557 921 4624 Unde

129 4647 286 4727 gabeilas,
315 4648 447 4725 tribute,
472 4651 712 4732 etbujusmodi
738 4654 920 4736 imponere,

130 4756 164 4813 el
179 4749 312 4830 exigere
337 4758 475 4831 possunt
496 4751 559 4817 soii
580 4753 744 4835 principes
760 4759 920 4838 supremi,

131 4851 167 4916 in
183 4849 281 4914 terris
296 4852 365 4920 suis
381 4852 482 4920 atium
511 4854 713 4934 superiorem
734 4873 799 4922 non
824 4873 941 4940 agne.

132 4958 277 5027 scentes,
293 4959 348 5016 aut
373 4953 518 5036 ii,'quia
540 4955 703 5035 supremis
718 4958 923 5039 principibus

130 5055 320 5146 privilegio,
345 5063 400 5122 aut
429 5055 573 5136 legitima
595 5058 835 5124 consuetudine
852 5061 920 5143 jam

132 5155 354 5242 prescriptam
377 5151 562 5223 facultatem
587 5158 645 5222 bas
674 5161 832 5241 gabellas,
867 5163 925 5227 tri-

132 5259 225 5334 bula,
253 5265 286 5324 et
312 5257 502 5341 hujusmodi
527 5259 731 5339 imponendi,
757 5265 924 5329 consecuti

133 5365 223 5422 sunl.
242 5357 455 5432 ‘communis
470 5377 507 5424 ac
524 5365 621 5435 certa,
641 5375 766 5440 argum.
788 5378 817 5426 c.
831 5363 927 5425 Inoo-

132 5464 318 5538 eomoa,1b,
340 5462 386 5524 De
402 5461 560 5534 cassibus:
580 5467 612 5526 ct
632 5481 660 5528 e.
680 5463 784 5545 Super
797 5465 927 5546 quibos·

134 5563 218 5638 dom,
234 5565 296 5637 ιω
314 5565 358 5626 lte
378 5565 503 5628 verbor.
527 5565 674 5648 ripoitlc.)
697 5567 853 5631 Proterea
873 5586 928 5648 pe·

136 5674 206 5729 tene
235 5680 362 5726 censum
390 5663 480 5726 debet
508 5663 664 5726 rationem
687 5663 876 5744 reprimere.
890 5664 926 5728 C.

134 5766 286 5830 Peruenit
302 5766 332 5840 5,
357 5766 403 5826 De
417 5765 533 5830 censii.
549 5771 639 5830 lexin
653 5781 807 5845 expresso
823 5787 830 5830 :
847 5767 928 5831 Cen·

135 5888 190 5932 rur
211 5867 400 5948 ipoorontic
419 5885 475 5931 nec
500 5867 629 5949 diuinis,
650 5886 705 5932 nec
726 5867 870 5935 iomanis
887 5869 934 5966 ies

437 394 534 458 nans
553 395 610 458 ιιι.
628 397 678 458 on
695 375 893 462 careonis.
912 421 947 434 -

965 397 1037 460 tta
1060 400 1113 464 lx.
1134 401 1184 462 [ιιι
1203 401 1336 476 blicis,
1356 401 1435 464 alo
1701 397 1755 466 tob

964 511 1061 592 piber-
1084 515 1246 578 inuenitur
1271 536 1281 576 .·
1307 523 1439 596 oportet*
1459 515 1574 596 quippe
1599 526 1645 581 ιιι·
1657 520 1755 576 omnir

965 632 1088 692 censue,
1103 614 1145 677 od
1158 615 1245 697 quid,
1276 624 1305 677 et
1322 613 1447 694 quondo
1471 615 1613 695 perrcioi
1634 611 1756 688 debent,

962 715 1164 793 proicietur.
1189 717 1254 782 Nec
1283 731 1387 780 novus
1406 733 1526 779 census
1552 715 1675 794 imptmi
1700 729 1759 794 po·

966 819 1040 892 tesi,
1057 833 1117 880 nec
1136 816 1292 897 antiquus
1314 817 1426 898 augeri
1440 823 1549 878 contra
1574 816 1755 879 libertatem

965 916 1099 980 civium.
1118 919 1193 998 Cap.
1213 917 1420 981 Proitibemur
1432 920 1463 993 i,
1475 917 1663 994 Decentii,
1683 915 1754 978 ibi:

965 1016 1029 1082 Nec
1050 1025 1171 1098 portem
1198 1015 1378 1079 reddituum
1404 1019 1473 1078 ruis
1503 1017 1616 1082 teribus
1639 1035 1757 1098 oppro-

960 1120 1073 1199 priure
1087 1126 1296 1200 presumant:
1311 1116 1365 1178 sed
1382 1116 1570 1188 libertatem,
1591 1137 1680 1199 quom
1694 1117 1758 1180 sibi

965 1222 1098 1302 an‘cree
1125 1237 1311 1283 conseruere
1345 1216 1549 1295 desiderant,
1578 1220 1754 1283 minoribus

965 1324 1033 1386 reis
1049 1321 1130 1383 boreo
1147 1321 1309 1383 octontuta
1327 1328 1523 1384 conterrent.
1545 1320 1581 1383 Si
1595 1321 1667 1400 pots
1680 1337 1754 1382 uero

965 1423 1062 1485 oiiter
1078 1422 1201 1504 fecerit,
1228 1420 1358 1496 irritum
1372 1417 1455 1500 qood
1472 1404 1571 1500 sperit
1590 1419 1758 1482 habentur,

966 1523 1056 1586 Unde
1073 1527 1109 1586 ut
1125 1521 1212 1603 iusta
1231 1521 1297 1584 sint
1322 1520 1442 1584 tributa
1466 1520 1649 1602 requiritur
1667 1529 1702 1584 ut
1716 1521 1755 1584 ad

968 1639 1052 1686 onus
1074 1621 1308 1702 imponendum
1326 1627 1482 1685 vocentur
1499 1628 1531 1684 et
1552 1623 1765 1685 consentiant·

967 1724 1037 1788 sive
1054 1741 1111 1803 per
1135 1741 1185 1798 se,
1208 1722 1278 1786 sive
1296 1740 1355 1803 per
1376 1720 1459 1785 aiios
1488 1737 1602 1785 omnes
1628 1719 1675 1783 ilii
1699 1721 1763 1801 qui

967 1823 1094 1889 solvere
1109 1823 1241 1900 debent,
1264 1823 1342 1904 quia
1360 1821 1448 1903 qnod
1465 1838 1579 1886 omnes
1595 1821 1698 1902 tangit
1718 1820 1758 1884 ab

968 1925 1120 1991 omnibus
1140 1925 1376 2006 particulariter
1390 1923 1486 1987 debet
1508 1921 1689 2002 approbari.
1712 1921 1756 2002 (C.
1815 1929 1827 1942 ·

968 2024 1045 2088 Cum
1060 2044 1174 2099 omnes,
1186 2025 1231 2085 fle
1246 2041 1311 2103 rep.
1324 2024 1395 2103 jur.
1412 2022 1445 2084 in
1466 2022 1528 2085 bet
1546 2037 1613 2102 arg.
1629 2038 1667 2084 ex
1686 2037 1758 2100 cap.

967 2125 1152 2190 Nonmimes
1167 2127 1197 2200 b,
1211 2124 1261 2188 lit.
1273 2123 1313 2186 tu
1324 2125 1368 2184 De
1383 2123 1541 2186 irnmunit.
1566 2123 1673 2185 ercier.
1686 2121 1707 2184 l.
1723 2137 1758 2184 ιιι

967 2226 1125 2292 Decretal.
1150 2233 1183 2290 et
1205 2224 1413 2290 esldoctrina
1434 2227 1522 2288 fleto
1538 2225 1629 2287 llom.
1651 2223 1758 2306 quoad

968 2329 1103 2392 clericos
1126 2329 1160 2392 in
1179 2326 1391 2390 brundusino
1413 2323 1559 2406 perbelle,
1593 2325 1631 2388 13
1663 2325 1760 2394 Febr,

969 2428 1071 2509 leot.)
1740 2493 1749 2502 .

1008 2553 1024 2589 ι
1041 2527 1187 2593 Secunda
1201 2528 1368 2613 (conditio)
1382 2533 1430 2592 est
1441 2527 1530 2608 justa
1549 2527 1765 2606 causamme-1

968 2629 1044 2696 licet
1054 2628 1210 2710 principis
1221 2628 1340 2693 decens
1354 2627 1546 2693 sustentatio
1556 2627 1759 2694 considerato

968 2731 1116 2813 ejusdem
1134 2736 1231 2804 statu,
1252 2728 1409 2810 dignitate
1440 2735 1471 2793 et
1486 2727 1610 2793 meritis
1624 2728 1659 2792 in
1673 2746 1758 2792 rem·

968 2831 1128 2914 publicam
1151 2848 1159 2890 ι
1181 2827 1379 2902 necessitas,
1404 2845 1464 2893 seu
1492 2844 1608 2908 magna
1637 2828 1759 2892 utititas

967 2933 1150 2998 communis
1162 2929 1352 3010 reipublirm
1367 2948 1374 2990 ι
1389 2931 1566 3010 expunctio
1577 2929 1761 2994 debitorum

967 3049 1026 3113 pro
1041 3030 1202 3096 communi
1227 3029 1420 3094 necessitate
1448 3045 1508 3094 seu
1535 3029 1673 3094 utilitate
1697 3029 1762 3093 rei·

967 3134 1105 3214 publice
1118 3138 1366 3209 contractorum,
1383 3139 1415 3197 et
1428 3130 1630 3212 hujusmodi.
1654 3129 1761 3211 (Com-

968 3231 1105 3315 munis.)
1116 3233 1149 3297 Si
1176 3251 1272 3298 causa
1294 3231 1511 3308 necessitatis,
1537 3229 1588 3295 vei
1611 3230 1762 3295 utilitatis

969 3334 1012 3398 sil
1038 3340 1209 3416 perpetua,
1235 3351 1265 3395 r.
1283 3351 1328 3415 g,
1349 3331 1554 3397 conservatio
1577 3348 1763 3408 murorum,

968 3441 1131 3524 pontium,
1157 3441 1305 3506 custodia
1324 3438 1482 3515 civitatis,
1504 3447 1537 3502 ιι
1558 3438 1763 3519 hujusmodi,

969 3551 1126 3626 perpetua
1151 3544 1248 3609 etiam
1270 3549 1375 3623 potest
1400 3541 1526 3622 imponi
1542 3540 1677 3622 petrella,
1702 3541 1762 3604 tri-

970 3646 1097 3722 bulum,
1116 3651 1149 3709 et
1169 3642 1368 3725 hujusmodi.
1387 3643 1420 3706 si
1435 3656 1513 3707 rere
1531 3655 1627 3706 causa
1650 3643 1693 3705 sil
1707 3658 1762 3704 so-

969 3747 1038 3812 lum
1060 3745 1249 3826 temporalis
1272 3750 1304 3808 et
1330 3739 1526 3818 transitoria,
1555 3749 1590 3806 ut
1615 3742 1763 3807 defensio

969 3856 1079 3912 contra
1096 3846 1221 3910 bostem
1235 3851 1381 3925 tempore
1399 3839 1492 3920 belli,
1513 3843 1672 3925 reparatio
1687 3859 1765 3908 con-

969 3953 1166 4012 structorum
1180 3963 1239 4031 per
1253 3945 1382 4022 hostes,
1408 3951 1440 4009 et
1463 3943 1665 4025 hujusmodi,
1687 3951 1765 4010 tunc

970 4064 1007 4111 ea
1023 4063 1120 4112 causa
1136 4053 1303 4121 cessante,
1328 4045 1425 4109 debet
1450 4061 1575 4108 cessare
1593 4043 1689 4108 etium
1707 4061 1763 4126 ga·
1806 4086 1810 4095 ·

969 4148 1068 4226 bella,
1080 4149 1249 4224 tributum,
1260 4153 1290 4210 et
1305 4145 1718 4228 hujusmodiicommunis
1733 4154 1765 4210 et

971 4251 1083 4333 certa.)
1097 4273 1153 4309 ι-
1162 4249 1270 4314 Tertia
1281 4247 1426 4312 conditio
1441 4253 1489 4310 est
1503 4247 1619 4311 modus
1635 4247 1765 4311 debitus

971 4347 1161 4429 imponendi
1189 4345 1342 4428 gedelias,
1360 4351 1392 4409 el
1407 4345 1542 4419 tributa,
1562 4345 1766 4409 dividelicet

973 4448 1110 4524 exactio,
1128 4463 1187 4511 seu
1206 4444 1405 4509 contributio
1426 4460 1491 4508 noa
1511 4443 1553 4508 sit
1572 4443 1687 4519 nimia,
1707 4445 1765 4508 sed

973 4550 1147 4624 moderata,
1165 4545 1300 4626 etjurta
1315 4559 1501 4608 mensuram
1520 4558 1625 4606 causo
1640 4543 1690 4606 rei
1710 4559 1767 4607 ne-

974 4647 1145 4723 cessitatis,
1168 4646 1209 4711 ob
1232 4663 1330 4727 quam
1346 4642 1507 4709 contribui
1523 4641 1635 4719 debet,
1658 4649 1689 4706 et
1710 4657 1765 4708 se·

973 4748 1117 4814 cundum
1141 4745 1382 4827 proportionem
1402 4743 1590 4807 facultatum
1616 4739 1766 4821 singulo·

975 4869 1058 4927 rum,
1075 4857 1111 4917 ul
1127 4866 1192 4915 non
1207 4848 1263 4914 alii
1280 4849 1366 4930 plus,
1383 4847 1441 4911 alii
1456 4845 1565 4909 miens
1580 4851 1772 4926 graventur,

975 4971 1072 5037 quam
1085 4952 1213 5036 justum
1229 4952 1282 5016 sit.
1306 4947 1559 5032 (communiam
1757 4943 1759 4948 ’

1015 5081 1032 5117 ι
1048 5057 1255 5137 imponentes
1272 5048 1413 5132 gabeilas
1434 5063 1546 5124 noras,
1564 5063 1655 5130 nore
1669 5049 1768 5129 peda-

976 5159 1039 5241 gia,
1059 5164 1091 5222 et
1105 5152 1293 5237 hujusmodi
1310 5151 1381 5215 sine
1397 5148 1494 5240 dictis
1512 5147 1769 5227 conditionibus;

977 5265 1093 5340 preater
1120 5251 1315 5322 restituendi
1339 5249 1571 5330 obligationem
1598 5247 1770 5313 incurrunt

978 5355 1347 5427 excommunicationem
1378 5352 1476 5416 bullo
1502 5350 1612 5425 cene,
1646 5356 1681 5412 ut
1710 5365 1769 5413 ex-

978 5461 1102 5545 pressis
1113 5457 1221 5524 uerbis
1241 5453 1378 5518 babetur
1389 5453 1422 5514 in
1439 5457 1454 5530 i
1470 5453 1646 5535 5ejusdem
1662 5450 1771 5529 bullo,

978 5564 1049 5627 ibi:
1072 5563 1153 5624 flem
1170 5555 1486 5626 recommunicomor,
1512 5563 1542 5616 et
1566 5553 1773 5616 anathemati·

979 5681 1085 5730 ramur
1112 5677 1226 5736 ommes,
1245 5659 1300 5739 poi
1321 5659 1356 5719 in
1377 5657 1473 5718 terrie
1489 5656 1556 5719 ereis
1577 5673 1659 5718 nouo
1670 5653 1772 5735 pedo-

979 5766 1043 5847 pio,
1058 5781 1113 5824 rete
1127 5758 1276 5842 podeiioe,
1293 5764 1503 5839 preterquam
1518 5756 1554 5825 ln
1569 5755 1692 5819 ensibus
1711 5755 1775 5821 eibi

981 5865 1097 5944 aiore,
1116 5881 1171 5928 seu
1186 5860 1329 5947 speciali·
1341 5853 1624 5944 redisbepostolicae
1646 5853 1776 5920 lieentia
1785 5891 1792 5900 1-
