4098 6448
115 408 186 476 leot
239 409 335 474 PARS
355 411 403 476 vl.
427 389 476 474 bit
493 411 678 491 DELICTIS,
686 415 878 482 consonis
897 415 945 478 ΕΤ
963 415 1098 483 emilis,
1119 445 1155 460 ···
1174 421 1246 484 lta.
1268 421 1346 486 xlv.
1367 425 1417 486 DE
1436 423 1622 505 DELIUHS.
1677 423 1748 492 1919

152 525 208 588 Ν.
222 523 365 588 lisurarii
378 530 493 607 prater
508 542 606 608 supra
630 529 732 602 dictas
752 547 859 610 poenas
883 547 900 595 a
954 532 1096 615 aliquam
1113 533 1282 602 salsitatem
1296 535 1462 602 dolomalo
1479 539 1748 622 admiscetprout
1836 592 1837 596 ι

110 625 197 706 jure¹
214 631 360 701 statutas,
388 626 484 690 eliam
505 626 580 692 aliis
595 633 698 708 pmois
712 632 902 708 arbitrariis,
952 633 1044 713 lacit,
1069 637 1175 718 quiin
1192 644 1381 702 testamento
1403 639 1464 703 sibi
1479 641 1632 706 adscribit
1657 643 1748 724 laga·
1804 695 1805 699 ,

112 735 145 788 et
161 725 428 790 extraordinariis
454 727 728 808 puntrtpossunt
752 747 771 796 a
793 731 903 814 judica
955 741 1104 811 tum,ant
1127 737 1743 822 fideicommissumquintianainstru·

114 833 177 890 tam
192 826 410 890 ecclesiastico
434 843 529 908 qaam
548 829 706 907 saeculari,
726 833 902 910 presertim
953 840 1073 909 menta,
1104 835 1268 912 rationes,
1298 836 1435 913 tabulas,
1463 839 1498 902 io
1526 851 1614 922 parta
1636 842 1746 923 aliqua

113 941 192 988 varo
209 925 416 1004 pecuniariis,
444 934 481 990 ut
498 927 533 992 in
549 945 589 992 eo
603 945 671 1010 quo
692 937 904 1010 peccavarunt
954 931 1213 1012 substantialior
1226 937 1453 1003 considerabili
1474 940 1567 1017 radit,
1586 941 1743 1020 immutat,

114 1024 323 1088 mulctantur.
956 1029 1082 1108 lacerat,
1109 1035 1300 1116 supprimit3
1333 1038 1389 1120 qui
1415 1037 1557 1104 alianum
1584 1040 1746 1122 chirogra-

150 1129 258 1192 ludex
272 1129 442 1194 criminum
459 1147 681 1196 usurariorum
696 1129 813 1213 qucatli
828 1147 903 1196 cen-
956 1130 1077 1211 pirum,
1106 1150 1250 1211 manum,
1278 1137 1329 1200 val
1356 1136 1504 1218 sigillum
1531 1137 1685 1214 imitatur,
1713 1147 1745 1203 et

112 1245 218 1302 sures,
235 1238 267 1292 ot
282 1229 480 1310 privationes
494 1232 786 1296 ecclesiasticorum
801 1233 902 1296 bane·
954 1231 1111 1310 debitum,
1129 1235 1176 1298 rol
1201 1237 1415 1315 qnidsimllc,
1433 1238 1466 1303 ln
1481 1239 1532 1302 sui
1548 1237 1702 1311 levorem,
1714 1247 1745 1302 at

113 1329 260 1392 liciorum
277 1338 326 1398 est
343 1331 434 1396 solus
450 1332 707 1406 ecclesiasticum
725 1331 830 1413 judex
842 1347 903 1396 au·
953 1331 1089 1398 alterius
1102 1335 1333 1400 detrimentum
1348 1337 1471 1402 scribit.
1488 1341 1629 1403 -Pmna
1645 1337 1745 1419 hujus

113 1431 362 1496 temcrimioum
380 1433 601 1497 usurariorum
617 1434 726 1515 quoad
743 1435 823 1497 alias
841 1450 903 1513 pm·
952 1431 1102 1499 falsitatis
1132 1435 1172 1499 da
1196 1437 1271 1517 iura
1297 1437 1387 1502 civili
1414 1445 1463 1500 est
1488 1439 1687 1519 deportatio,
1712 1427 1745 1502 et

114 1550 173 1596 nas
201 1540 304 1614 potest
327 1543 474 1599 essetam
493 1536 594 1600 laicus
626 1552 723 1617 quam
750 1535 903 1598 ecclesia·
954 1533 1101 1598 omniurn
1122 1533 1281 1599 bonorum
1308 1535 1484 1616 publicatio
1500 1553 1573 1600 cum
1594 1537 1745 1611 infamias

113 1632 226 1708 alicus,
238 1641 269 1696 et
289 1635 383 1698 datur
396 1634 487 1699 locus
502 1634 726 1712 praeventioni.
761 1639 903 1715 (Furna-
953 1634 1042 1697 -da
1063 1635 1304 1700 consuetudine
1320 1651 1397 1699 vero
1407 1635 1574 1711 arbitraria
1591 1653 1647 1716 pro
1662 1653 1743 1718 qua·

112 1753 185 1805 ers,
215 1734 300 1796 verb.
328 1736 442 1812 daura,
472 1753 505 1798 n.
520 1738 563 1802 88
586 1749 618 1800 et
646 1753 738 1820 seqq.
758 1769 797 1784 —
823 1737 902 1802 vida
953 1733 1041 1798 litata
1055 1751 1278 1814 personarum,
1296 1739 1328 1799 at
1343 1735 1521 1815 quantitate
1542 1735 1665 1799 damni.

113 1833 209 1896 etiam
222 1835 426 1897 Senuauzcn.
442 1835 487 1896 Da
503 1834 640 1918 usuris.)
993 1835 1032 1898 V.
1050 1835 1238 1914 «Praecipua
1255 1851 1331 1898 vero
1346 1835 1524 1899 secundum
1537 1837 1591 1900 SS.
1606 1851 1745 1901 canonas

528 1997 535 2012 ,
567 1997 574 2010 ,
689 1998 696 2012 ,
951 1933 1026 1998 lalsi
1041 1936 1162 2000 crimen
1179 1935 1299 2014 scripto
1323 1936 1528 2000 committunt
1552 1935 1675 2010 falsarii
1691 1937 1744 2000 lit·

307 1995 370 2068 μ’
389 1997 474 2054 ”⁰⁸
497 2013 611 2054 ⁰³¹¹¹¹¹¹¹⁰
636 1997 707 2054 ‘²¹⁸¹‘
952 2043 1091 2112 terarum
1115 2037 1384 2122 aprostulieerum,
1401 2035 1581 2116 cujusmodi
1606 2052 1745 2100 censen·

154 2138 180 2199 l.
200 2137 331 2198 Falsum
358 2155 418 2199 seu
434 2138 560 2219 salsitas
578 2139 731 2202 delinitur
758 2156 903 2205 commu·
953 2140 1006 2200 tur
1020 2153 1104 2211 esse,
1116 2137 1173 2218 qui
1200 2137 1323 2200 litteras
1351 2136 1511 2213 ejusmodi
1537 2135 1745 2202 lalsasconli·

115 2236 202 2300 niter
215 2237 303 2318 quod
319 2238 360 2300 sit
377 2238 567 2319 fraudatura
582 2240 718 2302 imitatio
733 2241 779 2322 cpi
793 2243 901 2322 potiare
952 2234 1059 2310 ciente
1084 2236 1141 2317 qui
1157 2235 1312 2300 conlectis
1340 2237 1446 2318 sigilla
1464 2237 1563 2314 laisa,
1576 2246 1634 2306 ,aut
1649 2239 1743 2302 eliam

113 2337 289 2400 immutatio
304 2339 460 2414 ueritatis,
474 2344 560 2420 [octa
575 2343 609 2403 in
621 2340 843 2422 prejudicium
855 2341 902 2403 ut·
952 2350 1040 2409 leli,
1056 2333 1127 2398 ⁸1¹¹ss
1156 2333 1227 2414 eJus
1253 2336 1291 2398 ld
1311 2354 1407 2415 quem
1423 2345 1558 2416 simillia
1581 2355 1743 2402 ⁰⁰⁰⁸l³ll⁸l¹

116 2439 230 2499 terius.
951 2440 1134 2512 apponunt,
1153 2434 1257 2515 quiin
1279 2435 1407 2511 littaris,
1421 2436 1596 2516 apostolica
1608 2439 1745 2501 auctori·

88 2557 92 2568 ·
155 2538 196 2598 ll.
229 2536 393 2602 Dividitur
421 2540 456 2602 in
488 2538 660 2620 personale
688 2545 720 2602 ei
749 2539 902 2604 reala‚-
952 2537 1015 2596 lale
1042 2532 1208 2611 confecliS,
1234 2535 1743 2610 radendo,abluendo,autaliis

111 2636 284 2702 Peraomla
312 2639 480 2721 est,qu0d
503 2643 585 2706 circa
615 2658 784 2722 personam
813 2661 902 2712 gom,-
953 2633 1198 2722 modisiolltlnl,
1216 2635 1743 2716 teleddutlieiiquid,quoeelum

114 2736 277 2819 mittitur,
305 2743 341 2800 ut
367 2739 503 2802 mutatio
528 2742 691 2819 nominis,
721 2745 903 2824 suppositio
953 2749 1068 2810 §emus
1084 2735 1285 2797 immutetur.
1301 2734 1347 2817 (C.
1372 2734 1514 2810 ι1995,
1540 2736 1586 2797 Di
1614 2737 1743 2800 crimini

114 2845 238 2914 partus,
264 2837 394 2900 testium
423 2839 625 2917 supernatia,
640 2841 762 2921 judicis
789 2861 902 2908 eorm.
951 2829 1051 2914 sulti.)
1069 2835 1148 2896 llam
1162 2832 1224 2908 illi,
1241 2833 1299 2914 qui
1313 2832 1473 2914 ejusmodi
1499 2834 1622 2900 litteras
1639 2853 1677 2899 ex
1693 2834 1741 2899 al·

114 2935 193 3018 ptio.
217 2971 257 2985 ·-
281 2937 384 3015 Reate,
400 2939 487 3020 quod
502 2941 712 3008 committitur
729 2945 812 3008 cirea
839 2961 902 3022 res,
953 2933 1181 3015 unusquam
1208 2951 1308 3016 llllloes
1327 2935 1377 2999 iel
1406 2933 1592 3000 ⁰fflsslfl¹il1m
1619 2937 1658 2999 ld
1683 2933 1744 3010 110.ss

112 3045 230 3118 estque
245 3038 380 3113 verbula,
394 3041 481 3120 quod
499 3041 530 3110 lit
543 3042 660 3111 verbis,
676 3042 724 3104 vel
735 3043 901 3124 seriptum,
953 3033 1178 3115 dedititiorum
1195 3034 1343 3108 mullibus
1359 3037 1532 3118 recipiunt.
1549 3037 1699 3118 (cllum
1712 3035 1743 3112 lv,

113 3138 201 3215 quod
213 3138 245 3200 lit
260 3137 430 3215 scriptura,
443 3139 492 3202 vel
504 3140 693 3222 simpliciter
706 3139 800 3219 reale,
815 3141 902 3220 quod
953 3134 1028 3198 eod.
1045 3135 1109 3218 tit.)
1124 3137 1221 3199 Porro
1242 3136 1354 3200 littero
1364 3137 1544 3218 apostolice
1562 3136 1614 3208 iric
1631 3151 1745 3199 voran-

112 3235 409 3314 altercatorum,
429 3239 476 3302 vel
494 3238 604 3320 potius
620 3240 724 3304 abusu
744 3241 805 3313 rei,
823 3241 900 3305 dum
953 3241 1006 3297 tur
1021 3253 1224 3316 quecunque
1238 3238 1404 3318 rescripta,
1423 3235 1531 3308 bulla,
1546 3235 1669 3311 [levita
1681 3243 1743 3298 ¹⁸¹⁰

113 3335 246 3416 rasipsa
263 3335 407 3412 lalsatur,
420 3345 475 3400 aut
487 3336 598 3400 falsata
621 3338 698 3401 dolo
723 3338 807 3402 malo
828 3338 903 3418 quis
953 3336 1104 3416 gratiam,
1121 3355 1217 3420 quam
1237 3337 1398 3420 justitiam
1419 3337 1655 3412 concernentia,
1671 3353 1745 3416 que

110 3435 217 3500 utitor
239 3436 273 3500 in
293 3444 523 3500 nocumentum
543 3435 691 3502 alterius.
710 3471 749 3484 --
763 3438 772 3520 i
788 3441 835 3503 lle
853 3455 905 3512 va·
954 3438 1086 3500 nomina
1119 3454 1206 3518 popm
1224 3437 1456 3518 expediuntur,
1474 3447 1504 3502 et
1530 3437 1743 3517 supplicatio·

111 3538 173 3602 riis
200 3536 274 3602 lalsi
304 3537 505 3611 criminibus¹
519 3537 590 3602 vide
617 3541 828 3604 sruuaczeu.
857 3541 902 3602 Da
953 3555 1026 3614 nes,
1038 3555 1111 3620 qum
1125 3537 1189 3618 ipsi
1204 3538 1399 3615 clicruntur,
1415 3539 1541 3603 etabeo
1555 3538 1605 3602 vel
1619 3535 1743 3603 snb.

111 3640 244 3704 crimina
254 3639 330 3720 {alsi
346 3645 377 3702 ct
388 3637 470 3702 alios
485 3639 705 3722 canonistas.)
954 3637 1024 3702 vice
1042 3638 1246 3713 cancellario,
1266 3655 1444 3718 eorumque
1461 3638 1529 3701 vica
1542 3635 1743 3718 gerentibus,

154 3738 454 3804 linneuistulsum
471 3741 637 3818 deponens
650 3739 831 3822 iniudicio,
849 3745 898 3808 vel
954 3739 1061 3812 autda
1082 3738 1230 3802 mandato
1247 3754 1335 3817 popm
1348 3738 1526 3819 signantur.
1543 3739 1745 3816 contempno

112 3839 322 3919 supprimens
346 3839 522 3928 veritatem,
543 3837 572 3902 si
597 3839 638 3904 de
667 3856 708 3904 eo
734 3835 903 3908 convictus
954 3838 1073 3924 talibus
1089 3855 1153 3902 non
1178 3848 1367 3920 reputantur
1391 3839 1504 3904 litterae
1527 3840 1559 3902 S.
1591 3855 1743 3920 congreg.

113 3938 408 4013 veleoufessussit,
417 3939 492 4021 jure
505 3939 662 4021 canonico
673 3940 810 4006 incurrit
824 3941 905 4008 inla·
954 3940 1041 4004 card.
1059 3956 1157 4002 sacre
1170 3940 1425 4022 penitentialis,
1450 3938 1576 4013 datarii,
1603 3937 1697 4018 legati
1727 3954 1744 3999 a

116 4040 226 4105 ruriam.
252 4039 298 4122 (C.
315 4039 543 4103 Censtituimus
568 4043 599 4116 9,
628 4043 770 4119 caused,
786 4051 900 4124 quest.
954 4038 1065 4114 latere,
1095 4041 1141 4103 vel
1169 4040 1275 4104 nuntii
1304 4058 1321 4105 a
1350 4039 1614 4119 sedaapustolica
1640 4037 1743 4112 missi,

114 4139 172 4218 a.)
200 4141 238 4201 Et
261 4137 294 4202 si
324 4137 463 4202 clericus
493 4139 549 4215 sit,
574 4141 793 4220 deponendus
811 4151 843 4206 et
862 4145 902 4208 ad
954 4139 1155 4220 episcopi,et
1172 4140 1373 4204 similium.»

114 4242 272 4320 agendam
294 4239 510 4318 penitentiam
529 4240 564 4304 in
587 4243 817 4307 monesterium
843 4247 903 4310 de·
997 4242 1052 4305 Vl.
1086 4240 1221 4306 Falsarii
1255 4241 1432 4324 litterarum
1470 4239 1744 4323 apostolicarumr

113 4337 309 4403 trudendus.
326 4339 372 4420 (C.
381 4338 417 4401 Si
428 4338 594 4420 episcopus
608 4342 640 4413 7,
654 4341 732 4404 dist.
747 4343 810 4421 59.)
954 4342 984 4406 1.
1001 4340 1074 4422 lpso
1088 4339 1171 4404 tauto
1189 4338 1359 4404 incurrunt
1379 4340 1744 4412 excommunicationem

153 4441 233 4506 lure
257 4438 410 4503 canonico
429 4439 532 4518 J'udex
561 4440 821 4520 aeclesiasticus,
844 4445 902 4526 qui
954 4446 1146 4506 reservatam
1169 4457 1272 4520 papae.
1302 4440 1347 4519 (C.
1364 4441 1636 4523 deformiorem
1654 4445 1684 4512 7.
1700 4445 1745 4504 lla

114 4539 519 4616 contraeonscientiam,ct
529 4539 701 4621 justitiam,
713 4545 901 4622 persordea,
954 4543 1043 4608 erim.
1058 4539 1146 4622 salsi,
1160 4545 1192 4604 et
1206 4538 1288 4602 buil.
1310 4539 1418 4616 cmm,
1439 4555 1534 4602 casus
1553 4539 1597 4618 6.)
1625 4541 1747 4604 Exten·
1845 4533 1847 4538 ’

113 4639 195 4704 b.e.
217 4657 333 4720 prece,
362 4637 477 4718 prelio,
508 4639 653 4718 premio,
682 4634 795 4722 gratia,
825 4644 902 4710 odio
954 4645 1149 4709 ditoretiam
1175 4643 1215 4706 ad
1242 4641 1395 4716 lautores,
1414 4649 1445 4705 et
1464 4641 1652 4706 defensores
1668 4643 1743 4707 illo·

114 4747 287 4820 corruptus
307 4740 340 4804 in
356 4756 527 4818 gravamen
551 4740 650 4818 partis
663 4741 833 4822 iudicavit,
852 4747 904 4810 ul·
955 4763 1046 4816 ruma
1062 4760 1135 4808 nam
1148 4750 1179 4806 et
1189 4743 1242 4806 isti
1258 4743 1331 4822 ipso
1340 4740 1423 4826 laeto
1439 4743 1745 4816 excommunicatio·

113 4845 163 4902 tra
178 4835 424 4906 estimationem
438 4834 508 4898 litis
519 4836 598 4901 huic
616 4840 838 4917 praestandam,
854 4841 904 4906 iu·
959 4861 1032 4908 nam
1048 4844 1232 4917 incurrunt,
1247 4841 1396 4921 quamvis
1408 4859 1473 4908 non
1490 4851 1693 4908 reservatam.
1707 4877 1746 4892 -

113 4937 217 5000 curruit
236 4953 359 5018 precam
379 4934 608 5030 suspensionis
623 4953 639 4999 a
654 4937 788 5014 divinis,
816 4947 848 5003 et
874 4941 901 5006 si
953 4942 1046 5018 Quod
1064 4940 1243 5022 recipiendi
1260 4941 1381 5004 litteras
1402 4940 1595 5020 apostolicas
1614 4943 1653 5004 ab
1666 4941 1743 5019 alio,

112 5039 168 5106 his
192 5053 229 5102 ea
249 5037 466 5118 suspensione
485 5037 632 5112 durante,
648 5054 683 5101 sa
716 5040 901 5121 ingesserit,
954 5061 1050 5126 quam
1065 5043 1105 5108 tle
1120 5042 1268 5107 manibus
1283 5060 1384 5122 papae,
1406 5050 1439 5106 et
1463 5043 1647 5107 officialium
1674 5043 1745 5124 aJus

113 5137 409 5218 irregularitatem,
436 5145 531 5216 prout
551 5136 704 5202 statuitur
724 5156 794 5221 cap.
827 5143 905 5207 Cum
956 5143 1247 5210 excommunicatio
1261 5143 1295 5206 in
1310 5143 1561 5208 desuetudinem
1578 5144 1667 5218 abiit,
1690 5146 1745 5209 ad·

113 5236 227 5302 ‘lierni'
240 5239 269 5312 lv
285 5238 331 5298 De
346 5244 425 5298 mil·
444 5243 474 5297 li
488 5233 633 5317 stillis&
645 5237 724 5316 196·
954 5247 1051 5312 vertit
1081 5245 1384 5324 schmalzgroaber,
1416 5261 1490 5308 oum
1526 5245 1675 5319 Barbosa,
1700 5249 1745 5310 Da

155 5339 212 5400 iv.
236 5337 375 5418 Scripta.
391 5335 518 5400 Crimen
545 5334 620 5400 lalsi
636 5339 816 5417 committit,
845 5343 904 5424 qui
956 5349 1045 5412 arim
1063 5345 1150 5430 salai,
1168 5363 1200 5410 n.
1218 5347 1270 5409 99.

115 5439 270 5514 scienter,
278 5435 389 5500 etdolo
405 5435 487 5500 rualu
503 5443 741 5509 testamentum,
755 5439 905 5508 velaliud
993 5451 1025 5514 2.
1044 5447 1207 5526 «Falsapii
1225 5447 1274 5510 lit.
1291 5453 1394 5527 apost.
1406 5446 1433 5508 si
1446 5447 1556 5511 clerici
1568 5447 1745 5522 sinterani
1767 5447 1768 5450 ’

113 5539 369 5624 instrumentum
384 5534 632 5614 laisumscribit,
648 5538 763 5618 signat,
778 5545 903 5622 recitat,
952 5549 1124 5630 ‘allicimet
1149 5546 1306 5630 banellcio
1337 5545 1556 5610 ecclesiastico
1586 5555 1745 5626 perpetuo
1823 5583 1824 5586 =
1891 5545 1895 5550 ’

114 5637 263 5718 subjicil;
280 5635 334 5718 qui
347 5639 477 5718 signum
491 5637 708 5702 adulterinum
720 5639 903 5732 iarit.scul·
923 5691 925 5696 -
956 5649 1139 5729 privantur;
1155 5657 1186 5712 et
1200 5648 1228 5710 si
1244 5646 1314 5712 lalsi
1327 5647 1448 5720 crimen
1468 5664 1526 5728 per
1542 5664 1578 5712 se
1593 5665 1733 5714 exerente

114 5739 426 5820 pi,l,axprimit;qui
439 5739 473 5802 in
488 5739 716 5818 instrumento,
736 5743 785 5806 vel
806 5752 903 5810 testa·
957 5750 1034 5823 rint,
1051 5748 1302 5830 degradandum
1321 5748 1420 5812 curim
1434 5749 1581 5814 saeculari
1601 5751 1746 5830 tradendi

115 5849 226 5918 mento
242 5841 274 5905 in
290 5841 355 5919 sui,
369 5841 417 5906 rel
433 5839 710 5924 alteriusgratiam
727 5847 901 5918 notabilem
956 5859 1045 5932 suot,
1061 5856 1097 5916 ut
1117 5850 1157 5914 de
1183 5847 1321 5916 salsitate
1354 5847 1497 5932 legitime
1524 5853 1663 5919 convicti
1695 5870 1746 5918 se-
