4008 6460
255 396 291 464 tt
758 388 1347 458 tuntsctnorttotcotttttnotun.
1473 383 1476 388 ’
1559 424 1566 432 ·
1849 389 1937 452 Η’

257 505 380 571 storiati
401 504 502 584 majus
520 503 749 583 provehitur.»
767 504 843 566 Etin
857 519 926 584 cap
942 502 1041 578 Licet,
1100 503 1196 564 missa
1209 503 1678 582 supptieatiane,papaseerat,
1692 509 1728 564 ut
1750 501 1788 566 ob
1808 479 1923 567 ants-²

254 609 299 672 De
311 601 503 670 'attondat
523 629 537 662 a
558 607 635 668 Nam
652 603 807 686 gradatim
833 602 1046 686 eottternniur
1097 604 1171 665 stite
1194 621 1251 666 sue
1267 605 1387 666 incitus
1412 604 1544 682 provehi
1559 601 1600 663 ad
1613 603 1897 684 {artiorispradus

254 701 407 774 horrores.
427 731 442 764 u
460 709 494 770 ut
517 725 549 770 n.
566 707 603 768 15
620 728 627 766 ε
645 728 659 760 ι
677 702 872 784 Hujusnrodi
890 704 1045 768 transitus
1096 703 1237 764 ordinem
1253 711 1366 765 contra
1380 720 1504 764 marem
1524 700 1705 765 nuliatenus
1715 715 1896 783 caperetur.

254 807 294 872 ab
317 809 505 888 episcopatu
536 805 575 866 ad
603 803 760 864 minorem
779 801 968 882 dignitatem
995 809 1046 866 est
1095 801 1165 865 Hoc
1189 805 1270 866 enim
1298 802 1448 883 fierisibi
1470 821 1534 864 non
1564 802 1757 883 provehendi
1771 807 1895 884 pratia,

254 901 531 978 coturaennouica
554 904 766 978 institutn‚ut
789 904 1043 978 tnaetincon-
1094 902 1149 964 sed
1181 921 1276 964 eausa
1311 902 1555 983 inpratitudinis
1587 902 1787 982 perhibebat.
1823 905 1892 964 Pro

166 1057 168 1064 ·
254 1011 460 1076 comantibus
491 1024 587 1084 supra
617 1005 735 1069 citatis.
754 1027 769 1064 a
801 1004 978 1086 inquibus
1009 1010 1045 1066 nt
1096 1021 1158 1084 qua
1174 1021 1209 1064 re
1239 1013 1313 1066 tunc
1340 1003 1541 1086 janssnncta
1569 1003 1723 1066 memoria
1747 1004 1897 1067 decessor

253 1131 322 1192 cap.
349 1111 492 1188 Lepinus
516 1107 623 1186 agitur
650 1105 744 1168 otiam
769 1103 809 1166 de
848 1103 1044 1186 presbyteris
1095 1103 1348 1184 nosterscriptis
1372 1104 1439 1166 suis
1463 1100 1703 1182 Natatifratri,
1726 1104 1892 1182 eoepisco-

254 1221 284 1272 et
299 1209 502 1273 draconibus
529 1205 637 1283 Pergit
666 1202 850 1284 fagnanum
880 1202 956 1267 ibid.
975 1221 1043 1283 cap.
1093 1217 1196 1280 popae
1223 1211 1337 1264 nostro
1369 1199 1608 1278 interdixerat,
1633 1221 1672 1264 ne
1698 1203 1893 1284 pradictum

252 1309 390 1384 Quanto,
421 1324 454 1368 n.
483 1305 534 1377 50,
567 1303 621 1368 ubi
647 1302 693 1363 sin
721 1311 962 1382 argumentatur
985 1318 1044 1384 pro
1096 1301 1297 1363 Honoratum
1326 1302 1584 1366 archidiaconum
1613 1304 1746 1390 invitum
1771 1322 1890 1383 prace-

251 1407 464 1472 transtatione
490 1404 633 1484 episcopi
653 1424 694 1463 :n
722 1405 812 1466 idem
835 1405 965 1468 suaderi
987 1420 1044 1486 pu·
1094 1398 1192 1473 heret,
1207 1418 1281 1462 nene
1305 1401 1444 1464 dotorem
1462 1412 1621 1482 concepta
1643 1405 1890 1482 inpratitudinis

251 1513 314 1569 test
338 1503 489 1580 eronmtn
518 1501 710 1565 inferiorum
738 1502 954 1576 sacerdotum,
986 1501 1043 1584 qui
1095 1499 1216 1564 diutius
1232 1503 1266 1565 in
1279 1501 1373 1564 corde
1390 1505 1554 1567 retineret.
1568 1503 1741 1584 Curaqueet
1756 1525 1775 1566 a
1790 1506 1890 1570 Nobis

252 1593 349 1670 aliurn
367 1603 459 1665 inuiti
478 1609 613 1678 possunt
629 1618 645 1664 u
661 1601 731 1663 suis
746 1601 910 1680 episeopis
926 1620 965 1665 ex
982 1619 1044 1666 una
1094 1602 1157 1680 hac
1173 1603 1269 1666 eidem
1286 1623 1480 1684 summopere
1488 1607 1614 1686 suerint
1628 1605 1813 1682 interdicta,
1824 1626 1890 1668 naa

251 1701 758 1770 adalinuseeclesiamtranst'erri.
773 1723 788 1757 ι
801 1701 845 1784 (C.
861 1703 1043 1778 Quasitum,
1094 1701 1196 1766 satum
1219 1703 1366 1766 mandata
1390 1705 1446 1767 Dei
1461 1707 1634 1786 neptipcns,
1649 1706 1704 1767 sed
1723 1716 1751 1767 et
1766 1711 1890 1788 scripta

250 1809 413 1870 Derernm
433 1801 586 1886 permut.)
607 1837 646 1848 —
662 1801 710 1866 nd
727 1804 826 1884 quod,
847 1802 925 1868 ibid.
944 1823 975 1867 n.
991 1805 1042 1877 88,
1093 1813 1205 1864 nostra
1217 1812 1433 1880 contemnens,
1448 1807 1616 1888 prosatum
1630 1806 1890 1870 archidiaconum

253 1906 695 1992 respontteturretorqnando
708 1909 1045 1988 argumentumouo·
1093 1905 1185 1982 qnasi
1197 1903 1237 1965 ad
1248 1905 1419 1984 [artiorem
1441 1907 1593 1968 honorem
1614 1910 1816 1987 provehens,
1833 1929 1891 1971 ca-

253 2011 339 2074 ninm
368 2008 430 2072 etsi
462 2007 632 2072 interiores
663 2009 847 2070 sacerdotes
878 2007 1042 2072 transferri
1093 2014 1187 2068 natus
1209 2015 1252 2068 est
1267 2015 1336 2068 arte
1354 2005 1472 2069 raidida
1485 2005 1670 2089 depradare.
1686 2009 1772 2072 liade
1784 2019 1890 2072 aetum

253 2111 378 2191 possint
406 2108 522 2181 inviti,
556 2117 661 2170 tamen
698 2108 735 2170 ad
774 2107 835 2170 hoo
865 2109 1044 2190 requiritur
1094 2117 1151 2181 est,
1172 2117 1207 2170 ut
1229 2125 1263 2168 ea
1291 2106 1328 2168 de
1340 2103 1619 2171 archidiaconatus
1639 2109 1707 2172 ioca
1730 2111 1890 2182 subnecto,

250 2201 347 2274 causa
365 2206 577 2282 necessitatis,
595 2205 643 2270 vel
659 2206 807 2270 utilitatis
819 2207 1043 2286 ecclesiarum,
1094 2205 1191 2270 atium
1213 2210 1393 2284 rescisceret,
1415 2212 1470 2290 qui
1487 2212 1555 2292 ejus
1591 2210 1805 2292 obtemperare
1818 2231 1889 2272 sna-

251 2323 288 2374 ut
308 2311 462 2391 probatur
480 2307 659 2387 injuribus
682 2307 715 2370 in
729 2313 926 2372 eontrarium
943 2311 1049 2373 addus
1094 2309 1182 2372 ribus
1209 2311 1374 2388 patuisset.
1392 2311 1490 2388 Quem
1511 2313 1712 2374 Honoratum
1728 2312 1890 2375 archidia-

250 2409 323 2488 c'tis,
352 2420 383 2472 et
416 2418 501 2471 notat
528 2408 659 2471 archid.
686 2407 719 2471 in
738 2429 766 2475 c.
798 2411 978 2493 Episcopus
1007 2411 1044 2472 de
1094 2411 1564 2477 conumarbitranturantistiti
1589 2432 1647 2476 sua
1676 2413 1806 2476 aliunde
1821 2415 1889 2475 dis·

251 2514 332 2585 toea,
349 2511 382 2573 in
399 2511 461 2573 urie
477 2511 616 2583 causat,
636 2517 752 2588 quast.
776 2513 804 2575 t.
1093 2511 1209 2590 plicare
1239 2530 1304 2574 non
1329 2517 1494 2594 potuisse,
1513 2515 1580 2577 nisi
1610 2515 1693 2596 pund
1718 2533 1786 2575 enm
1812 2532 1890 2577 nasa

290 2613 351 2678 Sed
369 2613 403 2674 in
425 2612 483 2673 hac
508 2611 666 2674 soluenda
695 2611 876 2690 quastione
901 2609 1042 2692 palmare
1092 2629 1186 2673 sarra
1202 2612 1359 2680 suisdarc
1379 2614 1565 2693 parentibus
1571 2616 1773 2694 prohibebat.
1786 2617 1887 2692 ουιιιι

251 2722 300 2778 est
320 2719 415 2793 caput
437 2712 532 2774 Gesta
560 2711 591 2782 2,
608 2709 683 2774 dist.
703 2711 760 2786 rt,
789 2711 834 2773 ibi
861 2711 908 2773 sic
930 2708 1043 2773 scribit
1093 2731 1221 2773 causam
1235 2713 1347 2776 subttii
1358 2713 1531 2788 vetuimus,
1550 2728 1578 2778 et
1596 2724 1670 2778 tunc
1688 2727 1803 2779 saneta
1824 2737 1889 2778 me-

250 2819 428 2900 Gregorins
456 2833 535 2896 papa
559 2813 660 2878 Natali
673 2815 834 2894 ,episcopo
845 2813 1041 2886 salonitano,
1093 2815 1200 2876 maria
1216 2814 1359 2878 decessor
1370 2835 1466 2891 meus,
1478 2825 1507 2878 et
1520 2835 1604 2879 nunc
1616 2835 1671 2896 epa
1684 2816 1886 2898 indepatiane

249 2919 331 2982 iiiut
358 2917 484 2998 Repest.
502 2917 597 2994 epist.
619 2917 675 2976 to:
696 2913 789 2978 Gesta
810 2932 876 2994 pua
898 2913 990 2976 nobis
1009 2914 1044 2974 in
1093 2909 1262 2989 discutere,
1285 2915 1339 2978 sed
1356 2917 1423 2996 ipre
1437 2935 1569 2979 suorum
1583 2917 1647 2979 sibi
1660 2925 1787 2978 actuum
1811 2936 1887 2980 can·

250 3021 380 3104 concilii
395 3018 491 3080 uestri
510 3017 652 3099 consecto
668 3018 839 3078 secretario
856 3017 1043 3090 direxistis,
1092 3017 1190 3090 scius,
1201 3036 1369 3096 personam
1378 3018 1584 3100 adjudicium
1596 3021 1778 3098 postposuit
1789 3019 1886 3081 desti-

250 3120 411 3202 inquibus
438 3119 681 3182 archidiaconus
700 3119 887 3180 Honoratus
911 3117 1043 3179 adduci·
1092 3133 1179 3179 nare.
1205 3117 1343 3180 Proinde
1360 3119 1588 3197 reperientiam
1611 3128 1696 3180 tuam
1718 3123 1885 3198 praeeatis

231 3237 318 3298 tur,
332 3223 426 3303 piena
436 3221 706 3299 asenaphar-imus
718 3222 832 3281 setaniae
846 3221 1042 3300 p'nrpiarnm':
1089 3219 1243 3299 precept-i
1268 3222 1457 3281 auctoritate
1487 3221 1638 3282 duximus
1668 3219 1859 3299 iniciendam
1876 3271 1885 3296 ,

246 3317 319 3391 cuns
335 3344 397 3388 nno
414 3323 577 3404 eodemque
594 3333 731 3401 tempsere
748 3341 811 3384 uno
824 3340 963 3402 perrona
985 3342 1042 3383 no·
1093 3325 1246 3397 quaternus
1258 3321 1440 3381 cosroeniens
1453 3321 1487 3382 in
1503 3320 1634 3394 sanna,
1651 3319 1796 3383 Natalem
1817 3325 1888 3402 sra-

245 3428 315 3490 isns
331 3423 372 3486 ad
398 3423 571 3484 sacerdotii
587 3421 728 3484 ordinem
752 3423 959 3502 provehitur,
976 3442 1043 3503 qua
1093 3426 1183 3493 trem,
1195 3420 1624 3499 coepiscopumquenostrum
1634 3421 1743 3482 saitem
1751 3424 1888 3483 tatscri·

250 3535 397 3606 tanquam
412 3523 598 3584 immeritou
615 3520 802 3582 diaconatus
819 3523 925 3602 officio
941 3540 1042 3583 rareto·
1091 3520 1156 3597 ptis
1175 3519 1370 3581 admonitam
1386 3517 1511 3580 studeat
1532 3518 1716 3596 adhortari,
1734 3533 1889 3602 utsupra

248 3635 351 3702 vetar,
368 3633 397 3687 et
417 3625 498 3685 sieut
518 3625 645 3705 justum
670 3632 727 3695 est,
752 3630 787 3683 nt
801 3641 888 3682 uerno
905 3640 1043 3684 crescere
1092 3625 1295 3678 memoratum
1308 3616 1566 3680 archidiaconum
1577 3621 1611 3682 in
1625 3640 1682 3682 suo
1695 3623 1801 3684 statim
1813 3622 1886 3684 ioca

251 3705 459 3807 compatiatur
478 3725 612 3794 incitus,-
640 3723 686 3786 ita
703 3723 888 3784 censendum
898 3732 979 3802 puto
998 3725 1042 3786 si·
1092 3723 1258 3800 suscipiat.
1278 3721 1370 3798 Quod
1380 3724 1410 3784 si
1431 3725 1537 3804 [acere
1556 3725 1617 3788 hoc
1642 3727 1885 3798 contumaciter,

248 3825 378 3900 militer,
397 3844 435 3886 ne
462 3826 623 3904 ptisanam
648 3825 755 3886 insons
777 3822 814 3884 ab
843 3823 964 3885 ordinis
991 3825 1042 3886 sui
1092 3831 1128 3882 at
1143 3823 1316 3898 consueuit,
1331 3825 1415 3904 [orte
1430 3823 1606 3899 distulerit,
1633 3845 1726 3888 usum
1741 3827 1771 3888 ei
1789 3829 1887 3908 patin

248 3917 426 3992 ministerio
456 3925 626 4004 dejiciatur
658 3929 786 4005 inpuste.
812 3955 851 3968 -
882 3925 1040 4002 Tempora
1092 3923 1349 4003 quiubhacsedc
1374 3935 1611 4002 concessusest,
1638 3931 1887 3991 exauctoritnte

250 4021 398 4112 Gregorii
416 4024 481 4105 jam
501 4023 782 4087 archidiaconatus
802 4033 868 4086 erat
900 4024 1040 4104 dignitas
1091 4025 1182 4090 Sedis
1196 4023 1376 4104 apostatica
1393 4027 1600 4090 contradices.
1616 4028 1713 4104 Quem
1739 4032 1768 4092 si
1789 4034 1886 4092 etiam

249 4123 635 4210 presbyteratunmptior,
655 4123 761 4203 quoad
771 4123 1040 4204 jurisdictionem
1092 4125 1205 4210 amisso
1225 4124 1329 4206 pattio
1364 4123 1467 4189 adime
1504 4126 1540 4188 s‘n
1569 4125 1675 4189 eadent
1703 4131 1894 4208 pertinacia

250 4227 462 4300 exteriorem
483 4222 730 4288 archidiaconus
747 4231 814 4288 erat
831 4225 1040 4288 administra·
1088 4241 1292 4304 perseuerare
1318 4228 1547 4307 perspexeris,
1575 4229 1736 4292 Damiaiei
1762 4249 1884 4312 quaque

251 4339 301 4394 tor
334 4327 495 4398 ecclesium
527 4323 582 4388 sed
607 4325 682 4405 quia
722 4327 905 4389 Honoratus
934 4325 1042 4390 archi·
1092 4324 1885 4408 carparieetsanpuiniseumdemantistitempar-

204 4489 207 4496 .
251 4432 407 4495 diaeonus
424 4425 525 4490 Notati
545 4423 700 4506 episcopo
721 4425 906 4488 salonitano
923 4423 1039 4504 dispii-
1092 4425 1277 4504 tempatione
1286 4426 1444 4506 precabar

250 4538 373 4602 onerat,
389 4527 475 4607 qnod
500 4543 574 4586 enni
594 4540 664 4586 rasa
685 4540 772 4586 sacra
799 4523 869 4585 suis
893 4523 968 4586 dare
986 4540 1041 4604 pa·
1132 4528 1177 4590 Ite
1197 4528 1358 4596 mandatis
1374 4527 1475 4606 igitur
1489 4527 1558 4600 Dei,
1574 4529 1699 4609 dejure
1725 4545 1781 4594 aare
1786 4533 1882 4594 onieo

145 4617 147 4624 ⁴
250 4630 397 4696 rethibus
424 4625 634 4706 prohibebat,
661 4625 779 4687 ΝιιιΙίε
806 4625 1042 4705 episcopusdi-
1092 4628 1879 4696 nuitusatericusinsonsabordinissnimini·

249 4741 336 4796 ctum
360 4727 621 4790 archidiaconum
652 4725 892 4804 ‹tegrudaverat
925 4727 1041 4790 Contra
1093 4730 1193 4792 sterio
1210 4729 1329 4807 injusta
1353 4728 1451 4808 dejici
1474 4737 1589 4808 potest,
1606 4746 1666 4792 nee
1688 4747 1705 4794 a
1725 4748 1788 4793 suo
1811 4731 1880 4793 toro

251 4833 328 4898 tatia
350 4832 389 4892 ab
405 4831 560 4908 episcopo
579 4826 680 4890 Natali
698 4835 799 4906 gesta,
826 4847 938 4890 rursus
960 4831 1041 4892 seri·
1093 4829 1272 4911 degradari,
1289 4828 1456 4893 etiamsnb
1470 4838 1536 4892 arta
1550 4828 1882 4896 cattidatortiorislro-

250 4935 316 5016 psit
345 4937 475 4994 sanetus
507 4927 684 5008 Gregorius
719 4929 883 4990 hintonino
909 4928 1041 4992 subdia·
1093 4929 1194 4992 naris.
1211 4931 1250 4992 Et
1264 4932 1436 5010 episcopus
1460 4927 1691 4995 contrafactum
1715 4941 1882 4996 contunsa·

249 5046 346 5105 anno,
372 5028 429 5090 lib·
450 5043 487 5097 ¹¹.
512 5027 607 5106 epist.
628 5027 676 5100 1⁶,
702 5026 812 5088 inditi·
830 5027 879 5088 1⁰·
899 5028 1041 5108 thuou
1091 5029 1181 5104 citer,
1217 5029 1542 5094 excommunicationi
1570 5031 1757 5095 auctoritate
1786 5033 1880 5095 Sedis

250 5133 343 5198 naida
362 5127 579 5208 notabiieest,
597 5127 737 5189 instituit
751 5127 1042 5191 Antoninumsub·
1092 5127 1276 5210 apostatica
1296 5129 1520 5211 subjiciendus
1543 5139 1611 5206 θείς
1625 5148 1665 5194 ex
1683 5148 1750 5212 qao
1765 5146 1882 5196 couse-

249 5235 421 5316 diaconum
452 5229 641 5310 -dutegatutn
662 5229 752 5292 Sedis
788 5229 974 5308 apostoliea
1000 5229 1039 5294 ad
1092 5227 1204 5308 unitur
1247 5231 1336 5312 quod
1376 5229 1424 5292 sic
1453 5246 1553 5311 agens
1586 5231 1760 5311 episeopus
1791 5249 1891 5294 aroc·-

250 5330 1041 5412 discutiendamcansnmexsequendamquesen·
1092 5327 1888 5410 taliterpeccat,qrtiaaxaommunicationoniniti·

249 5421 385 5496 t'errtiutn
399 5417 516 5494 eontra¹
526 5427 875 5510 Natatamapiscopum
891 5447 965 5492 cum
982 5447 1041 5508 pro·
1092 5429 1179 5510 gitur
1194 5429 1257 5494 nisi
1270 5437 1401 5510 propter
1413 5428 1571 5494 mortuiis.

251 5539 366 5596 testata
399 5536 497 5595 etiam
531 5519 683 5600 eumdem
722 5533 1048 5618 excommunicandi
1132 5533 1289 5611 Tempora
1308 5529 1412 5594 saneti
1439 5528 1588 5610 Gregorii
1617 5544 1682 5592 nan
1712 5530 1891 5608 exsistunt⁸

250 5633 330 5710 Qua
349 5633 627 5713 sicexponuntur
655 5633 688 5695 in
713 5649 783 5712 cap.
807 5634 992 5696 Honoratus
1007 5634 1038 5704 8.
1092 5629 1424 5709 autoramentum
1445 5629 1556 5694 sicarii
1575 5621 1803 5713 psmctmruris,
1817 5631 1889 5692 aad·

251 5725 328 5798 dist.
344 5734 383 5796 ih
404 5757 412 5798 ι
428 5735 614 5798 Honoratus
630 5732 872 5798 archidiaconus
891 5724 1040 5800 Ecclesia
1091 5741 1216 5798 tantum
1241 5731 1417 5812 collegium
1446 5729 1636 5794 elericorum
1663 5728 1831 5809 episcopi,
1848 5741 1893 5799 at,

247 5825 469 5920 Spionitanao
489 5848 603 5899 saneta
618 5835 1035 5914 memoriadeeessorernea,
1091 5835 1206 5902 alicubi
1233 5834 1418 5918 presbyteri
1445 5833 1580 5899 roratas.
1606 5834 1663 5894 ius
1696 5838 1802 5898 maren
1825 5839 1894 5912 ut·¹
