4042 6458
167 411 175 426 .
262 358 315 430 tit
787 353 902 417 trinis
920 353 1101 416 cruentet
1120 351 1384 415 cobrrobltttt.
1848 347 1906 414 452
1993 347 1994 360 ¹

263 466 539 550 dereobligantur
560 463 670 529 omnia
688 461 822 526 tamilla
847 462 1053 526 membralo
1104 459 1261 524 rubristit.
1286 463 1324 524 Et
1345 459 1424 546 iiiii.
1455 477 1523 541 reg.
1546 460 1700 538 aleoba
1719 461 1906 543 contrajac
1993 437 1994 518 ἶ

264 574 385 654 quibus
409 571 542 654 casibus
570 563 694 629 subditi
730 562 830 626 veluti
868 560 961 626 liberi
994 579 1054 626 sua
1103 561 1195 642 fiunt,
1214 560 1906 643 debentutiqucproinsectisboberi.Unde
1993 579 1994 630 i

267 671 665 757 propriajurasuamque
689 664 912 728 exsistentiam
939 660 1054 726 tielen-
1105 659 1132 721 si
1150 657 1411 722 monarchiarum
1427 659 1645 741 legitimarum
1660 661 1817 742 spoliatio
1842 678 1909 724 un·
1993 643 1994 726 i

266 777 358 835 dunt.
376 771 408 832 Si
426 784 513 840 vero,
530 765 642 829 inritis
655 762 740 843 juris
758 769 789 825 et
815 761 916 824 debiti
934 760 1056 825 ‹onati—
1105 778 1201 840 quam
1225 759 1258 823 in
1285 760 1432 824 doctrina
1458 777 1584 825 morum
1603 763 1785 826 consecrari
1811 760 1867 826 rei
1889 779 1910 824 a

266 876 345 940 bus,
369 881 538 948 pravarum
558 862 774 941 cupiditatum
805 860 995 925 rebellionis
1022 867 1055 924 ct
1105 860 1260 924 nortona
1279 876 1403 923 morum
1426 861 1733 940 repraesentantibus
1752 879 1812 943 per
1828 878 1909 923 rer·

265 969 452 1032 ambitionis
469 964 675 1028 latrocinium
700 962 865 1026 victorium
891 961 1053 1039 obtineat,
1106 961 1182 1024 bum
1205 959 1391 1024 autioctum
1407 961 1578 1042 approbari
1594 970 1714 1042 posset,
1731 964 1822 1027 nulla
1838 962 1910 1042 jam

265 1077 303 1130 oe
326 1067 409 1130 lacto
440 1068 623 1146 spoliantur
643 1065 815 1128 monarcha
844 1063 983 1144 ejusque
1008 1064 1055 1126 ia·
1106 1062 1189 1126 loret
1210 1063 1336 1124 morum
1358 1062 1521 1139 doctrina,
1549 1063 1639 1128 nollo
1671 1062 1778 1127 forent
1805 1063 1909 1144 J'ura,

213 1221 215 1227 ,
267 1169 372 1242 arilia,
386 1169 459 1247 jura
474 1175 580 1230 autem
596 1181 655 1228 sua
671 1181 735 1228 non
750 1163 915 1226 amittunt.
932 1164 1056 1242 Spolia·
1107 1162 1198 1226 nulla
1212 1163 1408 1228 restituendi
1433 1167 1537 1231 ablata
1557 1175 1644 1230 esset
1657 1166 1813 1248 obligatio
1834 1165 1912 1228 cui·

266 1280 351 1332 tores
372 1280 402 1331 et
422 1270 602 1340 invasores,
622 1265 654 1326 in
683 1264 754 1326 suis
778 1264 901 1327 actibus
922 1268 954 1326 et
976 1277 1054 1325 con-
1107 1281 1248 1346 cunque.

265 1361 1057 1443 scientiacriminosi,nullaampliusJ'nruacqui·
1145 1370 1205 1430 lus
1234 1365 1707 1448 monarchaeteJusiamiiiaa
1734 1375 1910 1446 permanet
1993 1357 1994 1434 i

267 1480 344 1534 runt
360 1484 456 1548 quam
484 1468 624 1530 latrones
638 1471 857 1528 transeuntem
880 1463 1056 1543 spoliantes
1108 1465 1396 1547 imprescriplibiia
1418 1468 1495 1530 duro
1513 1466 1708 1530 istalamllia
1733 1466 1908 1536 subsistit,
1993 1473 1994 1520 ἲ

268 1581 322 1633 aut
347 1569 443 1631 ricini
467 1567 681 1647 ugrumriet
705 1563 862 1629 mendacii
887 1563 1055 1628 defraudo·
1108 1573 1140 1630 et
1169 1567 1246 1630 dum
1274 1569 1420 1648 ejusdem
1446 1567 1533 1630 tituli
1563 1575 1652 1630 tauto
1681 1565 1798 1630 meiius
1835 1567 1909 1628 noti
1993 1563 1994 1616 l

268 1671 356 1732 tione
379 1674 584 1745 occupantes.
1108 1677 1228 1748 quanto
1242 1667 1276 1730 io
1292 1667 1359 1747 ipsa
1371 1667 1765 1746 nationisconstitolione,
1781 1683 1910 1731 monn·

306 1771 337 1830 si
362 1783 493 1841 norum,
515 1766 601 1845 quod
617 1782 674 1845 per
688 1764 784 1826 talem
799 1763 968 1829 nefandam
983 1778 1058 1844 spo·
1107 1769 1227 1832 mentis
1248 1776 1279 1832 et
1299 1769 1436 1833 historia
1457 1769 1574 1850 scripta
1594 1770 1671 1844 sint,
1694 1769 1851 1832 adimunt
1876 1775 1909 1829 et

268 1866 434 1928 lintionem
447 1864 666 1937 constituitur,
683 1861 893 1942 gubernium,
920 1866 959 1927 ati
986 1879 1056 1927 eam
1109 1866 1293 1946 impediunt
1313 1867 1431 1930 bonam
1452 1867 1547 1932 iidem
1565 1865 1777 1929 necessariam
1792 1864 1838 1929 ad
1857 1863 1908 1926 le·

270 1963 788 2046 procurandamallabor·arerit,iit
803 1965 1055 2042 ipsometlatro,
1095 1967 1221 2048 ‘gitima
1246 1968 1522 2048 praescribendum
1560 1975 1624 2030 tam
1648 1966 1772 2047 jurium
1800 1980 1906 2046 quam

267 2063 471 2145 proindeque
490 2081 655 2145 nunquam
675 2063 851 2143 legitimam
878 2065 1059 2142 possessio-
1110 2087 1217 2133 rerum
1234 2069 1472 2149 proprietatem.
1485 2068 1688 2148 Proindeqne
1704 2067 1833 2129 nullum
1847 2082 1908 2144 gu·

269 2181 342 2227 nem
366 2162 571 2243 praescribere
590 2171 706 2241 potest.
722 2164 753 2228 Si
769 2157 918 2244 quamuis
935 2164 1057 2243 spolia·
1108 2169 1336 2233 berniumlieri
1347 2169 1526 2247 legitimum
1540 2166 1772 2246 potasttandlu,
1785 2181 1905 2245 qnam·

269 2263 349 2326 tioni
384 2278 447 2324 non
483 2262 732 2341 participaverit,
775 2280 831 2344 per
865 2262 1058 2342 spoliatores
1109 2263 1906 2348 diuimpossibilisiuaritprascriptioliatioigi-

268 2361 478 2426 constituitur
503 2371 659 2441 potestas,
677 2365 743 2427 bac
764 2366 797 2428 stt
811 2365 956 2444 usurpati
973 2364 1057 2444 juris
1109 2376 1254 2447 tuaque
1266 2368 1463 2446 eoipsonon
1476 2363 1798 2446 potuitexstinguere
1814 2362 1903 2423 obli-

269 2473 301 2526 et
327 2464 446 2541 rapina
473 2472 629 2542 receptor,
658 2471 690 2526 et
711 2464 788 2526 ideo
815 2467 928 2546 nequit
957 2467 1058 2546 magis
1110 2469 1267 2549 gationes,
1290 2468 1409 2548 quibus
1436 2483 1506 2530 suae
1527 2465 1679 2546 legitimas
1703 2462 1904 2527 monarchia

271 2564 444 2643 legitimam
458 2567 1060 2648 possessionempraescribere.liujus·
1111 2571 1241 2649 ligatur,
1259 2571 1298 2633 ad
1315 2569 1459 2632 eamdam
1488 2568 1520 2630 in
1547 2565 1629 2640 suis,
1656 2565 1710 2628 ubi
1741 2563 1900 2642 potuerit,

271 2665 356 2728 modi
395 2664 560 2743 potestatis
600 2674 772 2743 usurpator
799 2674 829 2727 et
857 2665 988 2729 invasor
1011 2675 1058 2730 est
1105 2671 1237 2752 juribrrs
1263 2676 1442 2732 restaurare
1472 2673 1613 2728 tenetur.
1633 2661 1804 2726 Monarcha
1830 2661 1902 2739 ipsa

272 2765 401 2841 proprie
416 2770 588 2841 tyrnnnns,
606 2763 723 2840 dequo
738 2780 834 2842 sopra
848 2763 969 2827 dictum
983 2764 1058 2838 tuit,
1111 2772 1159 2835 vel
1176 2770 1247 2849 ejus
1269 2769 1372 2830 literas
1387 2768 1453 2847 ins,
1479 2773 1511 2826 et
1537 2765 1622 2844 qrtod
1638 2762 1709 2841 plus
1724 2771 1785 2836 est,
1806 2760 1901 2822 nebi.

271 2861 368 2939 cique
387 2862 577 2939 applicantia
594 2860 731 2923 runiunt
756 2863 865 2925 omnia
887 2863 933 2924 ibi
957 2881 1060 2927 euurt·
1110 2875 1176 2929 tum
1193 2884 1266 2947 erga
1285 2867 1446 2928 nationem
1461 2863 1553 2926 habet
1569 2858 1791 2924 reassumendi
1809 2859 1897 2938 prin·

272 2960 359 3022 tiata.
394 2961 514 3022 Ournea
544 2960 808 3038 rariaegnbernil
830 2961 958 3036 lornrra,
987 2977 1059 3040 qum
1110 2969 1250 3044 cipetum
1294 2979 1485 3044 supremum
1522 2980 1578 3042 par
1611 2959 1719 3024 omnia
1756 2958 1902 3040 legitima

271 3061 494 3128 sibi·ricissim
511 3061 544 3122 in
560 3059 731 3123 intervallo
744 3060 995 3124 revolutiouario
1012 3062 1082 3124 la··
1112 3067 1239 3140 inedia,
1278 3081 1351 3141 oua
1379 3065 1412 3126 in
1445 3070 1598 3143 promptu
1630 3059 1773 3122 babebit.
1808 3059 1901 3121 Natio

272 3178 396 3229 utinum
409 3162 811 3235 atriolentiaesncceriunt,
824 3173 900 3224 sunt
915 3171 970 3224 aut
987 3179 1061 3236 spo·
1110 3168 1198 3231 enim
1218 3165 1380 3245 obligatur
1397 3181 1471 3245 erga
1487 3161 1677 3242 principem,
1695 3159 1751 3238 qui
1768 3175 1900 3236 prorsus

273 3265 418 3336 liatores,
433 3271 487 3323 aut
504 3261 621 3339 rapiare
636 3270 666 3323 et
684 3261 810 3340 jurium
833 3272 1061 3342 usurpatorum
1111 3285 1180 3331 earn
1199 3269 1237 3330 ad
1257 3267 1472 3348 obligationes
1493 3263 1564 3345 ejus
1585 3262 1761 3343 expiendas
1786 3275 1899 3340 cogere

272 3372 466 3442 receptores,
482 3359 580 3424 veluti
596 3361 729 3424 omniuo
745 3364 929 3425 successive
947 3364 1060 3444 acqui·
1112 3374 1228 3448 potest.

272 3475 382 3529 rentes
408 3465 527 3524 borium
547 3461 633 3540 quod
656 3459 797 3526 iuratum
824 3471 954 3538 norunt,
974 3463 1061 3528 furto
1150 3469 1209 3528 ins
1231 3465 1450 3548 usquemodo
1476 3463 1661 3541 expositum
1687 3469 1718 3522 ot
1740 3457 1899 3537 justitient
1993 3445 1994 3476 ³

274 3563 464 3645 participant
486 3569 515 3622 et
535 3577 701 3640 utinquam
721 3563 895 3640 legitimam
912 3565 1061 3644 propria·
1112 3563 1313 3628 enurrtiatam
1339 3563 1379 3625 de
1407 3576 1492 3623 noro
1524 3556 1718 3638 proclamant
1739 3552 1900 3631 encyclica

272 3669 423 3724 tetemet
447 3659 690 3738 possessionem
715 3661 883 3740 acquirere
912 3672 1059 3741 possunt.
1113 3666 1167 3728 ss.
1196 3666 1285 3726 Puni,
1311 3661 1359 3724 Pii
1389 3661 1443 3728 ΙΧ.
1468 3661 1506 3721 19
1528 3656 1671 3723 ianuarii
1692 3653 1781 3726 isso,
1797 3647 1899 3714 Nullo

271 3768 330 3828 ius
345 3763 432 3826 euim
449 3769 480 3824 et
495 3761 622 3841 justitia
638 3767 716 3823 sunt
731 3764 841 3824 eadem
858 3772 925 3826 tom
942 3763 975 3828 in
993 3765 1060 3845 pri·
1113 3775 1196 3825 certe
1214 3763 1317 3826 verbis
1335 3775 1366 3824 et
1390 3762 1476 3824 ltrrlla
1493 3758 1640 3839 Gregorii
1663 3755 1755 3828 XVl,
1772 3751 1898 3814 Sollici-

272 3876 429 3935 ratorum,
446 3869 512 3922 tum
530 3861 697 3922 notionum
714 3869 745 3922 et
765 3869 969 3939 potestatum,
993 3873 1060 3928 tum
1113 3867 1189 3930 tuda
1208 3866 1421 3928 ecclesiarum.

274 3964 442 4025 arationum
459 3960 542 4020 inter
557 3974 591 4018 se
604 3958 886 4020 cortrentionibus.
899 3962 970 4022 Non
986 3969 1062 4024 sunt
1419 3979 1534 4040 cgppr
1558 3979 1593 4035 x,

274 4063 341 4126 ⁶¹⁰⁰
353 4060 439 4174 jurii,
457 4073 515 4169 ileu
534 4054 764 4134 duaejustmae’
784 4057 880 4136 Atqui
897 4074 1063 4172 possess&
1115 4099 1153 4157 De
1165 4101 1229 4172 jure
1244 4097 1403 4154 naturalior
1421 4107 1519 4151 caterno
1538 4094 1607 4148 inter
1619 4093 1690 4164 ipsos
1710 4089 1838 4154 notiones,
1856 4103 1898 4140 sert

276 4162 368 4224 nula
392 4161 467 4220 oder
494 4156 584 4220 nullo
613 4164 756 4234 tempore
785 4165 888 4236 potest
915 4175 1061 4237 praescri·
1386 4164 1628 4236 birrcpeatium.

275 4263 357 4346 bere
376 4267 408 4324 et
433 4260 497 4322 sibi
521 4258 690 4339 acquirere
712 4275 779 4320 ram
797 4275 977 4337 possessam
1002 4279 1063 4328 seu
1148 4261 1199 4336 gl.
1215 4287 1252 4304 -
1268 4260 1374 4329 Quibus
1389 4256 1532 4344 principiis
1549 4261 1659 4309 constet
1675 4252 1721 4323 jus
1734 4250 1865 4323 gencium.

268 4370 342 4450 jssii
357 4367 474 4440 alieni,
492 4374 522 4428 el
540 4364 664 4428 fructus
679 4362 756 4426 inda
776 4372 954 4443 perceptos.
970 4363 1063 4427 Coro·
1154 4373 1179 4433 l.
1197 4369 1348 4432 Nationes
1364 4375 1440 4429 sunt
1467 4380 1589 4443 magne
1611 4359 1757 4436 lauritio,
1783 4359 1897 4439 quibus

273 4471 402 4538 muniar
421 4485 476 4546 per
492 4474 616 4528 textum
633 4464 666 4526 in
683 4481 711 4526 e.
728 4463 1064 4545 tintinnialtcprc·
1114 4476 1238 4532 constat
1268 4467 1301 4527 in
1331 4473 1413 4526 terra
1441 4463 1601 4524 exsistens
1633 4459 1818 4520 burnanitas
1843 4475 1896 4517 seu

272 4568 520 4648 scriptionibus:
536 4573 566 4628 el
581 4583 649 4644 cap.
667 4565 881 4640 Quoniumzlo,
891 4569 979 4643 sod„
993 4569 1039 4628 ibi
1053 4589 1062 4628 r
1114 4583 1218 4647 genus
1235 4564 1417 4626 hominum.
1434 4565 1569 4624 Sorores
1582 4571 1656 4621 srtnt
1671 4565 1799 4637 gentes,
1816 4567 1847 4617 et
1862 4571 1897 4617 er

179 4714 183 4722 ·
273 4671 427 4746 Quoniam
438 4684 525 4728 omne
534 4663 617 4746 quod
633 4681 698 4726 nort
712 4674 757 4724 est
770 4683 809 4726 cu
822 4665 893 4744 lide,
904 4677 1064 4745 paccatum
1115 4682 1173 4729 sua
1192 4673 1326 4737 natura,
1353 4661 1479 4742 origine
1504 4668 1535 4722 et
1557 4660 1619 4722 line
1641 4658 1760 4720 iisdem
1777 4657 1897 4734 obliga·

275 4765 1065 4847 cst,spondalijntiict‘odefinimua,utnuliuuolcot
1115 4763 1279 4836 tionibus,
1307 4760 1425 4822 iisdem
1456 4759 1540 4821 inter
1566 4775 1602 4820 ss
1620 4755 1754 4832 officiis,
1786 4755 1896 4818 iisdem

274 4869 387 4946 obtqua
406 4865 488 4928 bono
508 4864 568 4945 fide
594 4864 808 4944 proscriptio,
834 4869 1064 4928 tomcononicu
1114 4861 1244 4926 eternis
1275 4860 1405 4942 iegibus
1434 4877 1470 4922 ac
1506 4875 1650 4938 personas
1685 4857 1835 4918 humanm
1870 4862 1897 4916 el

274 4987 366 5048 quom
386 4966 502 5029 ciuilis.
527 4963 611 5026 Hinc
628 4980 696 5040 cap.
715 4963 928 5040 Porsenna,
952 4965 1061 5044 Rapui.
1114 4963 1488 5043 familiasubjiciuntur.
1505 4962 1550 5024 Er
1585 4957 1841 5038 obligationibus
1871 4963 1898 5016 et

269 5071 339 5152 jur.
357 5068 388 5129 in
407 5066 444 5140 6,
463 5065 607 5127 obsolute
628 5064 770 5128 dicitnr:
789 5065 956 5128 Possessor
976 5067 1064 5126 molo
1116 5063 1291 5144 reciprocis
1319 5061 1488 5125 nationum
1520 5057 1583 5121 sibi
1612 5058 1754 5122 invicem
1785 5051 1897 5118 tlebitis

274 5169 349 5248 fidei
370 5165 436 5228 uilo
463 5174 602 5244 tempore
622 5181 686 5224 non
706 5163 897 5243 proscribit.
929 5167 964 5226 bt
992 5167 1061 5226 Au·
1117 5162 1577 5246 promanantuniuscuiusque
1588 5158 1694 5236 gentis
1703 5159 1776 5238 iura
1793 5171 1897 5219 rurre-

275 5271 428 5350 gustiuns
448 5266 481 5328 in
497 5266 516 5326 i
532 5267 575 5326 lla
590 5265 678 5327 cinit.
698 5265 767 5340 Dei,
781 5282 849 5344 cap.
867 5266 885 5322 la
908 5265 941 5326 in
961 5263 1063 5343 princ.
1116 5267 1222 5330 latita.
1255 5269 1313 5328 Pro
1330 5263 1516 5327 nationibus
1538 5277 1687 5341 magnum
1700 5256 1808 5322 omnis
1819 5253 1896 5337 iuris

277 5368 353 5428 dicit
370 5388 378 5428 r
397 5367 526 5428 Remoto
538 5365 681 5446 justitio,
701 5363 1065 5445 naturalempraelato
1118 5367 1311 5448 principium
1324 5364 1491 5428 formulari
1507 5371 1610 5443 potest
1630 5360 1680 5422 lris
1695 5358 1862 5422 terminis=

277 5485 388 5546 monne
411 5467 604 5529 latrocinio?
633 5473 664 5528 el
682 5463 793 5544 regula
817 5461 836 5524 is
855 5463 940 5542 juris
964 5463 997 5524 in
1025 5465 1063 5524 6:
1156 5471 1293 5542 «Gens,
1316 5484 1357 5530 ne
1373 5463 1466 5529 altari
1483 5464 1570 5544 genti
1595 5461 1713 5526 leceris
1733 5459 1820 5541 quod
1846 5457 1895 5518 tib?

279 5569 444 5630 Peccatum
469 5585 534 5628 non
564 5565 754 5638 dimittitur,
786 5567 852 5628 rtiai
875 5564 1066 5626 restituatur
1116 5566 1328 5647 abipsaiieri
1350 5563 1612 5640 nonnis;erilli
1630 5561 1793 5626 insomne
1815 5556 1895 5640 quol

278 5666 427 5728 oblatum.
455 5668 488 5728 lit
510 5664 588 5729 itta.
614 5667 735 5744 liegula
756 5665 814 5728 ts:
831 5665 902 5728 Non
921 5665 1066 5743 firmatur
1117 5667 1174 5733 tibi
1189 5667 1229 5729 ab
1246 5669 1313 5746 ipsa
1328 5667 1396 5730 lieri
1418 5666 1561 5728 uelles.»
1630 5675 1632 5681 ’

279 5776 385 5829 tractu
399 5766 560 5845 temporis,
578 5762 661 5842 quod
683 5763 719 5824 ric
735 5766 810 5846 jure
825 5765 862 5826 ab
887 5765 979 5826 initio
1001 5784 1065 5826 non
1158 5770 1197 5830 tl.
1208 5771 1265 5832 ins
1278 5769 1365 5831 enim
1377 5768 1522 5848 gentium
1535 5775 1582 5828 cst
1598 5766 1767 5843 ipsummet
1784 5763 1835 5839 ins
1850 5775 1893 5819 na·
