4042 6458
295 373 349 439 tttt
807 365 920 433 tutus
932 358 1111 427 cettodtct
1128 357 1388 426 communiunt
1867 359 1921 428 52]

296 481 439 548 comedo
471 478 555 546 uuiti
596 478 685 543 cicili
718 477 873 558 potestati
907 475 1079 556 subjaceat.
1135 476 1204 536 tum
1236 477 1267 536 et
1298 469 1522 552 independens
1548 485 1566 535 a
1592 485 1789 552 quacunque
1830 469 1921 537 cirili

296 579 550 660 (bitteroeupart.
563 575 623 640 SS.
635 576 673 639 Ρ.
688 575 743 638 Pii
756 576 805 640 tlt
815 576 893 637 Cum
914 570 1079 647 catholice,
1135 575 1308 648 potestate,
1333 583 1406 630 cum
1433 566 1572 629 declaret
1596 583 1632 630 se
1656 583 1722 632 non
1748 567 1853 631 teneri
1883 569 1922 630 ad
1980 628 1986 642 ‚

295 679 451 744 &Martii
469 675 569 756 1860.)
585 676 649 740 Nec
664 675 758 738 etiam
774 674 808 738 in
825 673 894 738 suis
911 670 1018 736 causis
1033 669 1081 734 ci·
1135 667 1289 732 solvenda
1301 667 1420 731 tributa
1438 669 1569 748 regibus
1584 675 1693 746 terrm,
1708 671 1923 751 consequitur

295 776 419 842 vilibus
435 783 468 840 et
481 773 727 856 temporalibus.
1135 769 1223 849 quod
1238 767 1385 832 Christus
1400 786 1450 832 res
1465 771 1657 850 temporales
1672 772 1787 836 babuit
1801 779 1833 836 et
1850 789 1925 852 pos-

247 905 253 912 ·
334 876 375 944 t.
399 876 446 940 lte
462 875 524 940 tide
542 881 590 940 cst
608 873 698 957 quod
713 871 860 937 cbristus
878 872 948 933 ltax
969 883 1082 949 regum
1135 863 1218 928 sedit
1248 873 1398 947 tanquam
1426 867 1575 948 princeps
1597 885 1771 947 supremus
1794 876 1828 935 et
1854 887 1924 934 snae

295 982 436 1042 eureus
454 990 473 1038 a
489 971 665 1052 semetipso
683 969 795 1035 babuit
818 975 850 1033 et
875 967 970 1032 babet
986 975 1082 1031 eter-
1134 963 1286 1029 Ecclesiae
1311 965 1533 1044 independens
1556 969 1738 1033 monarcha.

295 1091 369 1140 nam
384 1090 421 1138 ac
433 1087 618 1153 supremam
634 1077 821 1151 potestatem
836 1066 971 1149 regendi
985 1068 1080 1133 etiam
1174 1065 1328 1130 Preterea
1345 1065 1520 1130 Ecclesiam
1538 1085 1629 1132 suam
1647 1077 1807 1152 perpetuo
1826 1070 1924 1134 dura·

295 1169 516 1254 temporaliter
530 1176 562 1236 ct
576 1168 714 1233 uiriliter
737 1166 909 1231 Ecclesiam
924 1182 1026 1230 suam.
1135 1172 1239 1230 turam
1257 1173 1409 1247 tanquam
1433 1183 1568 1248 regnum
1590 1167 1736 1230 suumin
1752 1168 1850 1232 terris
1873 1169 1923 1231 vi·
2009 1167 2010 1236 l

334 1273 390 1337 vt.
413 1270 559 1335 cbristus
585 1287 643 1352 per
670 1267 868 1349 prophetiam
892 1279 923 1330 et
948 1269 1082 1346 liguram
1134 1265 1230 1330 sibile
1247 1273 1279 1330 et
1303 1281 1492 1345 corporeum
1514 1264 1683 1338 fundavit,
1699 1273 1730 1331 et
1754 1269 1924 1330 constituit
2009 1271 2010 1278 ’

294 1374 359 1440 sibi
392 1371 582 1455 preparavit
605 1370 779 1452 specialem
808 1369 928 1449 regiam
954 1377 1080 1444 tempo·
1130 1380 1204 1427 eam
1219 1363 1252 1426 in
1273 1362 1456 1428 societatem
1479 1364 1652 1444 perfectam
1666 1372 1698 1427 et
1712 1367 1752 1429 ab
1765 1365 1859 1429 omni
1877 1367 1923 1428 ci·

294 1474 393 1538 nalem
409 1471 607 1551 civilemque
623 1475 811 1550 potestatem
827 1466 1040 1533 exercendam
1062 1485 1081 1532 a
1134 1463 1193 1528 vili
1218 1472 1372 1542 potestate
1391 1465 1676 1544 independentem.
1696 1466 1772 1529 istm
1786 1467 1922 1532 conclu-

294 1573 471 1652 semctipso
489 1571 524 1634 in
544 1586 645 1651 regno
664 1585 725 1634 suo
743 1567 907 1641 terrestri,
922 1567 1081 1647 quod-est
1133 1563 1243 1627 siones
1269 1562 1309 1627 ad
1335 1565 1431 1628 tidem
1462 1564 1633 1642 pertinent.
1666 1566 1750 1644 Ergo
1776 1565 1922 1629 Christus

295 1673 452 1736 Ecclesia.
469 1670 538 1753 (Ad
562 1670 658 1735 tidem
679 1668 820 1751 pertinet
844 1685 885 1731 ex
908 1667 1080 1747 scripturis
1133 1663 1308 1728 Ecclesiam
1322 1681 1415 1730 suam
1430 1665 1518 1728 omni
1535 1673 1691 1743 potestate
1709 1667 1878 1746 spirituali
1893 1677 1922 1732 et

296 1769 434 1852 sacris.)
1133 1765 1222 1830 civili
1243 1767 1284 1831 ad
1308 1785 1378 1832 eam
1403 1769 1576 1848 regendam
1593 1771 1777 1837 necessaria
1793 1771 1922 1837 munire

335 1871 404 1935 llll.
423 1869 569 1934 cbristus
582 1868 694 1932 vivens
706 1867 738 1931 in
751 1867 845 1931 terris
855 1883 947 1931 snam
959 1865 1080 1947 regiam
1133 1864 1441 1947 debuitldeoquec

294 1977 483 2050 potestatem
501 1968 631 2034 civilem
657 1974 690 2032 et
712 1968 920 2049 temporalem
944 1983 1001 2048 por
1019 1983 1079 2030 sn·
1172 1965 1229 2028 tx.
1263 1965 1493 2029 Sanctissimus
1519 1967 1665 2046 pontilen
1692 1971 1862 2036 ltomnnns
1891 1971 1923 2034 in

292 2087 423 2150 premor
433 2077 465 2136 et
478 2068 635 2134 maximos
650 2069 817 2150 potestatis
830 2075 919 2132 actus
933 2066 1080 2132 exercuit
1132 2061 1225 2125 beatu
1241 2065 1340 2127 Petro
1354 2064 1476 2145 accepit
1491 2065 1531 2128 ab
1545 2066 1618 2146 ipso
1632 2068 1758 2134 Christo
1778 2069 1924 2148 plenitu-

294 2169 405 2254 (carta
427 2187 468 2232 ex
491 2169 663 2249 scripturis
677 2166 701 2250 ).
728 2171 766 2232 Et
795 2169 824 2231 1.
851 2168 1079 2252 constituendo
1132 2163 1241 2227 dinem
1260 2181 1327 2228 sum
1343 2164 1439 2248 regiae
1460 2168 1624 2246 potestatis
1649 2168 1744 2234 etiam
1766 2170 1881 2236 civilis
1894 2181 1924 2234 et

293 2267 468 2333 Ecclesiam
486 2285 577 2333 suam
594 2286 668 2332 cnm
683 2268 776 2347 plena
792 2275 948 2348 potestate
964 2275 1080 2332 semet·
1132 2264 1318 2344 temporalis
1331 2281 1431 2348 super
1446 2285 1582 2348 regnum
1598 2269 1657 2333 liei
1669 2315 1679 2346 ,
1693 2270 1779 2350 qnod
1796 2280 1849 2337 est
1869 2274 1923 2334 Ec-

292 2369 396 2448 ipsam
412 2377 480 2433 tum
497 2369 785 2450 spiritualitertum
798 2367 938 2431 civiliter
952 2375 983 2430 et
1001 2375 1080 2431 tem·
1132 2360 1251 2436 elesii,
1268 2363 1457 2430 exercende
1479 2366 1606 2446 (certa)
1628 2385 1669 2432 ex
1685 2368 1878 2450 Scriptura,
1893 2377 1924 2432 et
2010 2457 2011 2472 χ

291 2468 444 2550 poraliter
467 2470 599 2552 regendi
623 2477 654 2534 et
673 2469 886 2551 gubernandi.
906 2500 945 2514 -
964 2470 995 2533 2.
1018 2470 1079 2532 lia·
1133 2477 1174 2525 ex
1188 2461 1310 2526 Nicolai
1330 2481 1419 2544 papae
1433 2466 1529 2547 epist.
1546 2469 1588 2541 ad
1607 2469 1797 2532 blicbaelem
1812 2471 1924 2549 impe·
2010 2545 2011 2580 ἢ

292 2563 442 2631 clarando
457 2583 493 2630 se
514 2575 545 2630 et
560 2562 735 2630 Ecclesiam
751 2583 841 2630 suam
861 2563 1024 2628 immunes
1039 2564 1080 2630 ab
1133 2564 1334 2639 ratonem,ibi
1345 2565 1508 2630 :Claristus
1519 2566 1708 2632 brutol’etrn
1719 2573 1924 2634 citoeoeterne
2010 2581 2011 2656 ξ

294 2662 383 2727 omni
397 2661 844 2745 regumterrmjurisdictione
860 2664 1078 2740 etexactione,
1132 2663 1286 2744 cluoipcro
1310 2666 1429 2728 terreri
1454 2666 1577 2729 scilicet
1595 2676 1624 2729 et
1645 2671 1774 2731 celestia
1790 2671 1924 2750 imperii
2010 2695 2011 2750 5

292 2761 376 2842 quod
391 2773 436 2825 ert
451 2762 488 2824 de
502 2763 561 2844 pide
577 2782 616 2828 ex
630 2764 834 2828 damnatione
848 2763 1079 2844 propositionis
1124 2763 1206 2844 jura
1220 2765 1384 2828 commisit.
1397 2766 1434 2827 Et
1448 2767 1567 2846 capsi
1579 2769 1718 2849 [rutrum
1731 2771 1820 2834 unic.
1834 2771 1892 2834 tit.
1905 2787 1924 2833 v

292 2864 428 2927 Marsilii
444 2865 585 2928 Patavini
602 2873 633 2929 et
649 2865 782 2930 loannis
799 2865 839 2928 da
851 2863 999 2928 lauduno
1023 2881 1079 2944 per
1133 2873 1294 2944 extravag.
1310 2865 1444 2929 loannis
1459 2868 1573 2944 llxll,
1589 2868 1628 2940 in,
1642 2886 1706 2948 qua
1719 2869 1766 2934 sic
1782 2869 1932 2934 babetur*

291 2965 448 3026 ioannem
466 2963 839 3044 xxtt,nujusten0ris=
856 2963 1078 3046 «titudqnod
1133 2980 1317 3043 expresse:
1339 2964 1420 3028 Saue
1436 2967 1471 3029 iu
1489 2976 1630 3030 uestrum
1650 2977 1680 3030 et
1700 2972 1838 3051 [rutrum
1865 2982 1946 3032 ue·

292 3061 333 3124 de
353 3061 478 3125 Christo
499 3063 619 3144 legitur
642 3064 676 3126 in
700 3063 874 3142 Evangelio
897 3063 979 3128 beuti
1000 3066 1079 3126 ttet-
1132 3069 1272 3136 atrnrum
1301 3062 1468 3128 deductum
1497 3075 1543 3128 est
1581 3065 1686 3149 (sumu
1719 3068 1921 3150 diaulpumtc)

292 3159 387 3237 thui,
419 3163 504 3243 quod
535 3162 605 3241 ipse
633 3158 728 3227 solvit
754 3163 911 3228 tributum
942 3162 1078 3240 Caesari,
1131 3161 1294 3238 potitium,
1310 3162 1395 3243 quod
1409 3164 1482 3227 licet
1496 3164 1533 3226 de
1546 3167 1623 3246 jure
1641 3168 1684 3229 sit
1704 3167 1876 3247 liquidum,
1894 3178 1920 3231 et

292 3262 420 3340 quando
444 3269 593 3326 staterem
617 3272 781 3348 sumptum
810 3281 851 3328 ex
875 3280 930 3328 ore
956 3265 1076 3345 piscis,
1131 3260 1169 3322 nb
1186 3259 1261 3324 olim
1273 3264 1374 3343 [uerit
1389 3265 1572 3328 inconcusse
1587 3277 1754 3342 seruatum,
1770 3269 1854 3348 quood
1869 3289 1921 3330 ca·

290 3355 359 3421 illis
373 3401 382 3434 ,
398 3359 455 3439 qui
477 3360 627 3439 petebant
648 3362 853 3438 didrachma,
870 3363 969 3449 jussit
985 3365 1076 3440 dari,
1132 3371 1220 3425 cante
1239 3363 1372 3442 imperio
1377 3407 1437 3430 .....
1454 3384 1525 3429 cum
1545 3369 1580 3431 iu
1601 3367 1657 3430 illc
1678 3367 1720 3429 nd
1740 3371 1920 3432 auculurem

291 3456 439 3522 hoclacit
461 3475 525 3522 non
545 3460 813 3536 condescensive,
831 3470 862 3524 et
887 3462 1077 3527 liberalitate
1124 3461 1265 3542 judicem
1275 3475 1406 3544 nequeat
1418 3465 1527 3530 baberi
1541 3470 1921 3546 recursus,cdcummum

291 3571 358 3618 suaa
381 3554 534 3634 pietatis,
556 3557 613 3619 sed
638 3559 828 3622 necessitate
848 3569 988 3625 coactus.
1006 3584 1021 3619 u
1039 3594 1079 3608 -·
1127 3562 1325 3641 pontificem,
1339 3566 1392 3626 cui
1405 3567 1439 3628 iu
1450 3582 1589 3645 persone
1602 3569 1686 3633 beuti
1695 3572 1786 3634 Petri
1799 3576 1919 3638 terreni

291 3653 322 3714 3.
337 3653 426 3717 llanc
449 3670 632 3732 supremam
656 3663 844 3735 potestatem
867 3659 1076 3737 temporalem
1130 3658 1269 3721 simulet
1287 3662 1420 3726 celestia
1435 3667 1821 3750 tmperttjurabeustpm
1841 3692 1919 3734 com·

291 3756 438 3815 exercuit
453 3752 648 3816 collectando
667 3772 724 3834 pro
746 3772 782 3819 se
799 3761 831 3820 et
845 3757 983 3836 collegio
998 3774 1079 3838 apo·
1130 3755 1234 3833 mitit,
1249 3758 1377 3839 imperii
1389 3762 1536 3839 predicti
1550 3765 1751 3844 jurisdictio,
1767 3770 1915 3848 rapimur,

292 3852 410 3916 stolico
426 3851 605 3917 oblationes
620 3855 858 3920 accedentibus
872 3857 908 3919 in
923 3875 980 3932 se,
997 3861 1075 3922 Luc.
1131 3863 1160 3916 ct
1174 3855 1342 3938 dispositio
1357 3859 1576 3937 devolvuntur,
1593 3874 1622 3926 et
1638 3885 1674 3928 cu
1688 3869 1755 3947 ipse
1767 3867 1778 3946 l
1784 3868 1917 3932 durante
2011 3917 2012 3946 ,

293 3951 480 4024 r1n,2ett
505 3987 506 3990 =
1132 3955 1232 4034 ipsius
1250 3960 1413 4022 curatione
1432 3961 1576 4044 imperii)
1591 3983 1653 4045 per
1667 3984 1718 4042 aa,
1735 3967 1785 4030 ccl
1797 3969 1913 4043 dium,

332 4049 416 4112 Vlll.
431 4050 578 4115 Christus
595 4052 706 4117 virens
721 4053 754 4116 in
770 4052 863 4116 terris
880 4055 990 4118 babuit
1004 4073 1077 4119 cum
1130 4074 1184 4118 scu
1197 4059 1279 4121 ulica
1300 4065 1478 4124 secreuisse
1493 4066 1638 4128 noscitur
1652 4067 1687 4129 iu
1703 4068 1835 4148 imperio
1851 4089 1913 4132 mc·

292 4145 430 4227 collegio
460 4152 677 4229 apostolorum
713 4169 821 4216 rerum
853 4155 1076 4234 temporalium
1129 4167 1251 4218 proruto
1278 4160 1462 4232 :nonnulli
1479 4173 1582 4225 tamen
1597 4166 1631 4227 iu
1648 4166 1752 4230 Italioe
1767 4161 1914 4250 p'crtibus

292 4245 531 4322 possessionem
546 4255 578 4312 et
593 4249 773 4313 dominium
786 4251 943 4316 directum
958 4261 990 4316 et
1005 4272 1077 4332 per·
1130 4258 1296 4336 potestatis
1314 4267 1344 4320 ct
1357 4259 1524 4338 dipuitotia
1537 4265 1701 4344 suscipiam
1718 4269 1832 4332 illicite
1852 4292 1915 4333 um·

291 4343 423 4406 tectum.
443 4347 453 4426 (
470 4347 515 4408 lie
533 4349 593 4411 lide
611 4355 659 4412 cst
675 4365 715 4412 en
733 4351 835 4429 eapite
851 4351 927 4414 Cum
941 4353 1026 4416 iuter
1038 4353 1073 4428 lc,
1130 4355 1287 4420 bieutcs...
1309 4358 1423 4439 ubsque
1440 4370 1551 4423 uestro
1564 4362 1613 4424 uel
1627 4367 1811 4444 apostolice
1833 4370 1912 4432 cerlis

291 4445 336 4505 De
360 4443 610 4529 perimmanis.
634 4449 681 4510 tit.
707 4468 776 4526 xrv,
799 4462 959 4534 extraveg.
977 4456 1076 4518 loan—
1127 4458 1229 4537 petitu
1243 4457 1291 4518 vel
1301 4457 1425 4522 obtentu
1439 4460 1566 4524 licentio
1580 4466 1717 4528 retinere
1735 4468 1799 4531 sibi
1811 4468 1912 4549 (quod

291 4543 342 4607 nis
357 4545 484 4626 lixit.)
501 4548 537 4610 llt
553 4548 703 4628 exemplo
720 4567 780 4614 sno
795 4552 954 4617 stabiliret
971 4554 1078 4618 Ecclc-
1130 4561 1222 4619 antea
1232 4557 1385 4637 gerebant
1398 4576 1437 4622 ex
1449 4560 1651 4640 imperatoris
1662 4567 1910 4648 commissione),

290 4640 347 4702 sim
380 4659 449 4707 suae
479 4644 535 4723 jus
571 4649 786 4722 possessionis
815 4660 847 4713 et
870 4655 1018 4719 dominii.
1037 4691 1076 4704 ·-
1130 4663 1231 4719 etc...
1252 4659 1429 4722 temerariis
1447 4661 1576 4724 ausibus
1590 4677 1909 4745 presumpserunt...

291 4739 435 4818 ideoque
474 4742 677 4820 pertinaciter
714 4751 967 4817 contradicentes
1000 4767 1075 4820 sunt
1128 4753 1245 4819 Non...
1262 4756 1434 4820 salubriter
1453 4775 1618 4822 occurrere
1636 4765 1909 4844 cupientes,pre·

290 4834 433 4900 baeretici
448 4847 480 4901 et
497 4853 663 4921 nequeunt
677 4845 800 4909 absolvi
817 4849 881 4912 nisi
905 4869 923 4914 a
948 4871 1075 4920 summo
1128 4854 1464 4918 acutiumauctoritute
1478 4874 1656 4933 monemus,
1672 4861 1729 4922 sub
1746 4880 1910 4926 excummu-

290 4937 467 5028 pontifice,
496 4957 537 5002 ex
568 4941 657 5005 bulla
683 4944 860 5011 Pastorults
893 4951 926 5014 in
963 4956 1074 5033 Cmun;
1128 4954 1300 5019 nicationis
1318 4973 1425 5036 puna,
1444 4974 1548 5028 omues
1570 4960 1821 5039 cisimulae...
1839 4983 1909 5043 puu-

290 5034 417 5096 otiamsi
435 5035 502 5100 sint
517 5039 636 5102 occulti
650 5041 815 5123 heretici3
838 5055 869 5110 et
893 5055 1075 5118 sacerdotes
1130 5060 1220 5114 tenus
1224 5097 1285 5116 .....
1302 5070 1439 5133 prorsus
1456 5054 1634 5121 uictimam
1652 5067 1686 5121 et
1710 5063 1836 5125 omniuo
1860 5061 1908 5124 dc·

289 5131 476 5214 hujusmodi
492 5137 718 5218 absolventes,
735 5154 868 5226 excepto
883 5149 996 5214 mortis
1021 5168 1074 5215 ar·
1129 5156 1255 5218 euram.

291 5232 401 5308 ticulo,
414 5235 547 5300 nulliter
562 5243 992 5324 apuntetmajoremsanctas
1004 5251 1074 5315 sedi
1169 5255 1209 5316 X.
1233 5255 1375 5320 Ecclesia
1402 5257 1557 5334 catholica
1585 5270 1681 5340 prout
1705 5269 1754 5326 est
1780 5263 1904 5325 societas

288 5337 481 5393 reservatam
505 5336 871 5406 excommunicationem
898 5343 970 5424 ipso
992 5347 1075 5415 lecto
1128 5353 1415 5432 divino-hnmana,
1434 5357 1559 5438 dejure
1575 5360 1690 5424 divino
1706 5369 1810 5441 potest
1830 5362 1904 5424 bona

289 5425 471 5494 incurrunt.
489 5435 661 5498 Excudent
679 5436 767 5503 bulla
782 5442 970 5510 Partornliv.
1128 5456 1315 5534 temporalia
1337 5458 1527 5536 possidere,
1546 5467 1578 5523 et
1596 5461 1790 5541 eademjure
1802 5462 1902 5525 divino

329 5527 409 5589 Cum
441 5547 482 5592 ex
519 5536 773 5609 precedentibus
810 5545 1074 5636 conclusionibus
1127 5556 1223 5622 babet
1246 5559 1395 5638 plenum,
1415 5563 1690 5638 perlectum,imo
1713 5581 1899 5642 supremum,

290 5625 435 5692 Christus
451 5647 515 5695 nott
531 5641 653 5698 tantum
668 5632 817 5702 habuerit
832 5660 939 5706 rerum
955 5651 1076 5726 tempo·
1128 5655 1351 5738 independens
1374 5668 1406 5724 οι
1430 5647 1614 5742 exemptum
1640 5682 1658 5728 p
1682 5665 1825 5729 mutan·
1847 5679 1900 5746 ρο.

227 5751 230 5760 ’
290 5725 406 5791 ratium
428 5732 608 5800 dominium
629 5735 815 5819 singulare,
833 5745 889 5809 sed
911 5745 1006 5812 etium
1028 5751 1074 5814 al·
1130 5761 1243 5818 testate
1259 5757 1440 5824 dominium
1457 5760 1490 5826 in
1506 5761 1600 5828 bonis
1620 5765 1846 5845 temporalibus
1863 5765 1897 5828 ab
