4042 6458
250 333 303 400 ast
778 327 891 392 tunts
909 321 1088 392 canumet
1107 320 1370 386 GOill’liNlllUll.
1829 321 1888 385 332

249 445 408 512 nominum
444 443 533 505 nomo
559 439 689 506 Citritur
715 439 807 506 Jecur
834 440 879 500 cic
911 435 1035 500 octllcs
1092 433 1441 513 constantinianum
1471 447 1488 501 a
1522 439 1636 500 natura
1665 431 1789 510 singuli
1822 441 1888 496 tra-

249 545 394 628 prcprlir
413 539 627 622 dipnitctilrus
649 537 811 602 distinctis
843 538 951 618 officio
980 554 1043 616 po··
1091 535 1174 602 liunt
1200 535 1240 598 ad
1259 536 1355 598 vitam
1385 532 1558 597 humanam
1574 549 1615 594 ιι
1645 541 1764 603 ‚mutuo
1789 533 1885 598 auxi·

249 639 849 726 testctirutriusqucdiscrcct't...ntcr
862 635 1039 708 Christiani
1093 637 1137 700 lio
1178 642 1401 714 compensent,
1439 641 1471 698 ct
1511 634 1554 697 ita
1597 634 1666 696 sire
1707 651 1747 697 ex
1793 643 1885 714 parte

249 751 453 830 imperatorer
466 761 527 824 pro
543 751 658 808 eterno
675 742 742 805 cita
758 741 969 821 pontificibus
991 739 1040 800 in·
1091 737 1237 816 corporis
1250 735 1320 798 sira
1337 753 1376 802 en
1389 741 1475 813 parte
1491 734 1607 797 aniana
1634 749 1726 804 suam
1753 738 1887 798 natura-

250 849 403 928 dlperent,
418 854 444 905 ct
460 843 624 924 pontifices
635 860 695 922 pro
707 858 806 905 cursu
822 835 1045 919 temporalium
1093 842 1155 906 lem
1172 842 1384 922 indigentiam
1408 839 1599 920 compleant.
1615 841 1698 916 Ergo
1715 837 1896 903 beatitudo·

251 945 462 1018 tantumnodo
485 962 591 1006 rerum
608 941 823 1022 imperialibus
840 939 959 1018 lepidus
974 945 1044 998 utc-
1092 943 1236 1012 human
1257 949 1305 1009 est
1334 942 1406 1006 finis
1424 941 1598 1010 'societatis
1625 937 1781 1007 civilis,

249 1058 372 1112 rentur.
407 1047 437 1107 Si
471 1043 618 1108 Christus
632 1041 676 1105 ita
693 1041 864 1120 utriusque
881 1033 1038 1102 discrerit
1110 1104 1112 1110 ,
1145 1046 1185 1106 ιι.
1233 1043 1323 1106 Finis
1373 1042 1536 1110 sacietatis
1576 1041 1684 1103 civilis
1729 1055 1792 1102 non
1835 1045 1889 1100 est

250 1149 370 1217 cilicia,
396 1154 428 1207 et
451 1143 656 1224 imperatoris
688 1159 802 1220 nempe
824 1149 852 1202 at
880 1133 1042 1212 Pontilicis
1093 1143 1363 1221 supernaturalis,
1392 1141 1470 1222 quia
1501 1141 1539 1207 ad
1570 1140 1665 1210 tinem
1688 1147 1889 1220 supernato.-

252 1251 423 1328 uttiusquc
449 1255 497 1311 cst
525 1253 646 1306 auctor.
675 1244 755 1321 Cap.
777 1243 850 1308 lime
874 1241 975 1318 innoc
991 1236 1043 1310 ts*
1095 1245 1193 1314 nalem
1211 1244 1388 1324 requiritur
1415 1240 1888 1324 principiumsupernaturale,

251 1366 345 1410 ‘'llllffi
366 1347 420 1421 33,
442 1353 556 1425 quaest.
586 1345 621 1414 5,
643 1343 688 1405 illi
709 1364 717 1404 ²
738 1341 863 1404 Halm
878 1339 1043 1418 silvistum
1094 1363 1150 1407 scu
1172 1363 1231 1408 ens
1258 1363 1275 1410 a
1299 1347 1366 1410 Deo
1397 1343 1684 1423 supernaturaliter
1705 1342 1889 1416 condilum,

252 1447 326 1520 Μ,
356 1445 447 1526 duaci
473 1445 614 1507 vicarius
645 1443 712 1524 rjus
733 1463 743 1503 :
766 1443 840 1522 quic
865 1440 1043 1503 omnitrn'v
1094 1452 1130 1510 ut
1162 1445 1357 1525 principium
1391 1451 1424 1506 et
1459 1444 1609 1513 irnissibi
1654 1444 1886 1521 respondeant.

250 1550 309 1614 net
331 1548 418 1612 indat
434 1546 614 1626 tmcptnem.
641 1578 680 1590 -
703 1543 735 1606 i·
760 1543 901 1607 ratione.
917 1539 1042 1604 Etenim
1094 1549 1162 1610 lam
1180 1563 1255 1610 vero
1281 1547 1418 1612 societas
1451 1545 1556 1610 civilis
1585 1560 1649 1612 nnn
1680 1554 1730 1608 cst
1757 1543 1888 1609 condita

252 1649 508 1715 demonstratum
539 1654 588 1708 est
607 1660 703 1722 supra
725 1643 826 1722 ipsam
859 1639 1043 1706 societatem
1095 1664 1112 1712 a
1140 1648 1208 1716 »ιο
1237 1647 1646 1722 ςῃρρρῃιιῃιῃιῑιρῌρῃι
1676 1647 1744 1707 neo
1772 1653 1807 1708 ,η
1824 1661 1887 1706 w.

253 1748 384 1812 civilem
411 1762 519 1809 essen
543 1748 610 1810 Deo
639 1743 835 1810 institutam.
864 1743 932 1802 lam
967 1753 1044 1802 vero
1096 1746 1318 1824 ctoregratiaa,
1343 1746 1432 1810 seda
1479 1747 1544 1808 lieo
1587 1752 1620 1808 ut
1662 1752 1792 1808 anctore
1832 1759 1890 1806 na·

253 1853 292 1914 ad
317 1851 388 1930 ejus
422 1847 593 1910 essentiam
619 1853 650 1908 ct
670 1843 884 1922 integritatem
905 1837 1046 1920 pertinet
1098 1852 1192 1920 ripam,
1219 1847 1624 1912 ucmspdpostflnsumest,
1657 1881 1695 1892 ...
1739 1845 1884 1908 Apum„

257 1949 454 2028 l‘llssllillalus
480 1941 767 2026 ll⁰¹llicussrsi⁰l¹li
790 1937 1045 2018 caputadinte·
1097 1945 1352 2012 demonstratum
1392 1958 1441 2012 est
1474 1947 1649 2014 Ecclesiam
1694 1945 1815 2010 Christi
1856 1952 1887 2007 et

254 2051 399 2130 gnitatem
434 2056 465 2108 ct
510 2045 666 2130 rationem
705 2041 851 2120 corporis
893 2039 1045 2104 humani.
1098 2045 1229 2124 qirirlorn
1260 2046 1416 2125 privativa
1446 2065 1518 2113 essa
1551 2047 1736 2110 societatem
1775 2061 1893 2124 super·

254 2154 584 2231 llrgoconsequentar
601 2144 799 2225 principatus
821 2142 971 2222 politicus
999 2141 1047 2203 in·

255 2251 386 2313 stitutus
407 2256 454 2309 est
469 2263 487 2310 a
505 2249 583 2310 Deo.
603 2248 671 2309 Nou
687 2245 773 2308 euim
797 2243 942 2307 condidit
959 2243 1046 2305 Deus

254 2351 438 2416 societatem
478 2363 621 2410 mancam
660 2352 690 2408 et
717 2342 952 2427 imperfectam,
987 2339 1043 2404 sed

256 2451 413 2531 integram
448 2449 542 2530 plane
559 2454 589 2509 ιι
621 2444 772 2508 οιιιιιίιιιιι
797 2444 867 2506 suis
901 2442 1045 2522 partibus

254 2548 476 2612 absolutam...
505 2545 601 2608 litia
628 2561 667 2608 so
698 2559 798 2607 seusu
819 2548 959 2622 potestas
983 2558 1046 2622 gu-

261 2647 426 2710 bernatira
447 2653 526 2708 esta
543 2646 631 2707 lieo.

294 2749 346 2811 tv.
364 2753 510 2810 Attamen
530 2746 693 2828 principes
709 2745 821 2808 civiles
841 2751 877 2808 nt
901 2751 1043 2824 potesta·

256 2852 297 2913 tis
320 2849 456 2930 subjecti
483 2867 541 2912 ιιιι
566 2862 772 2926 possessores
801 2862 864 2909 rron
891 2847 1046 2911 suntirn-

256 2953 394 3016 mediata
410 2968 427 3014 a
443 2953 510 3012 Deo
538 2945 720 3012 constituti.
748 2945 903 3021 Quocirca
919 2957 1048 3010 sauctus

256 3053 509 3134 chrysostomus
550 3050 584 3111 in
617 3046 683 3110 hacc
709 3047 814 3121 ,rerba
853 3044 968 3110 homil.
1009 3047 1049 3107 93

260 3157 353 3232 Epist
369 3155 407 3214 ad
425 3153 547 3214 Rom:
580 3149 653 3240 Non
692 3158 737 3210 ιιι
773 3159 910 3229 potestas
942 3147 1051 3211 nicio

256 3255 333 3338 Deo.
366 3258 413 3316 sic
433 3253 498 3316 altr

300 3379 315 3412 «
347 3355 434 3432 Quid
455 3351 569 3416 dicis?
605 3353 712 3416 omnis
734 3367 810 3431 ergo
848 3351 997 3432 princeps
1032 3365 1051 3414 a

261 3459 326 3520 lieo
352 3455 550 3518 constitutus
575 3452 653 3516 esti
684 3454 773 3518 Istud
791 3469 857 3518 non
881 3451 967 3516 cicc.
985 3453 1050 3515 Noc

258 3557 345 3620 enim
367 3557 407 3618 de
432 3556 550 3638 quovis
577 3555 723 3636 principe
740 3552 818 3616 milri
843 3569 1051 3616 sermonuac

259 3667 318 3734 nst,
343 3658 399 3720 sed
429 3658 469 3720 dc
491 3655 561 3740 ipsa
586 3673 619 3719 rc
654 3655 701 3740 (td
720 3663 767 3718 ιιι
794 3656 831 3717 dc
849 3655 920 3734 ipso
956 3663 1050 3740 pote-

257 3759 361 3843 state),
391 3758 479 3842 quod
507 3759 594 3822 euim
613 3759 816 3839 principatus
844 3757 921 3831 sint,
943 3756 1051 3836 quod-

258 3879 322 3941 que
361 3861 393 3923 ul
423 3859 556 3940 quidem
585 3860 757 3938 imperant,
792 3857 840 3920 illi
869 3873 944 3923 raro
973 3855 1052 3920 sub·

255 3965 333 4045 jacti
360 3961 441 4030 sint.
459 3959 614 4040 quodque
639 3975 704 4024 non
727 3958 922 4038 simpliciter
944 3968 976 4022 et
1006 3966 1052 4018 te·

261 4079 348 4124 ancre
371 4067 483 4124 cuncta
523 4059 685 4133 incutitur,
728 4058 847 4122 divinae
884 4055 1052 4137 sapientiae

260 4175 431 4242 opusessa
450 4159 536 4224 dico.
564 4159 735 4240 Propterea
765 4176 829 4222 non
858 4158 960 4232 dicit;
986 4175 1051 4222 ιιοιι

260 4263 349 4330 anim
387 4260 535 4342 princeps
567 4265 615 4321 est
650 4259 714 4324 nisi
749 4275 766 4322 a
808 4261 886 4336 neo,
918 4259 975 4323 sed
1010 4260 1051 4322 da

259 4362 331 4443 ipsa
350 4379 384 4424 re
402 4360 533 4428 disserit
562 4359 691 4424 dicens:
737 4361 808 4426 Non
832 4359 919 4424 enim
949 4367 1052 4440 potes·

260 4470 374 4528 lasest
401 4461 464 4528 nisi
492 4479 508 4524 a
538 4463 651 4524 neo.»

299 4562 337 4628 Et
363 4569 505 4625 nostram
529 4558 773 4628 conclusionem
799 4558 932 4634 probant
967 4561 1050 4624 Sun-

260 4678 327 4724 rnz.
350 4659 495 4738 Defensio
517 4655 602 4738 plici,
620 4657 675 4720 lib.
700 4677 748 4732 ιιι,
767 4675 795 4722 c.
809 4659 854 4734 ὓς
900 4659 1048 4733 Bellum,

259 4770 290 4826 et
330 4759 525 4829 unanimitas
565 4761 732 4826 doctorum
781 4760 821 4826 ab
867 4761 939 4839 ipso
963 4762 1047 4826 citat.

258 4861 403 4941 ideoque
427 4859 627 4940 principatus
659 4861 811 4940 politicus
844 4861 879 4930 in
903 4868 974 4932 actu
996 4879 1050 4926 se·

259 4962 380 5037 cundo,
408 4979 467 5026 seu
497 4969 591 5041 prout
622 4961 771 5042 subjecto
798 4963 896 5039 inest,
920 4971 1051 5028 nonest

259 5061 443 5130 liuraediats
474 5077 493 5132 a
520 5061 600 5134 Deo,
623 5061 680 5126 sed
709 5062 852 5130 mediate
871 5071 1008 5128 tantam.

261 5183 275 5260 5
293 5183 386 5250 lim-
397 5183 437 5242 lie
450 5183 592 5242 sacculis
606 5183 694 5240 cirills
713 5183 767 5240 inre
777 5195 806 5240 et
823 5187 965 5258 potestatis
980 5187 1049 5258 clos·

521 5255 584 5310 dena
605 5257 776 5316 extensione.

278 5373 322 5444 ,1.
348 5369 439 5439 Finis
468 5367 631 5438 societatis
664 5368 771 5442 civilis
791 5376 840 5432 ιιι
886 5369 950 5432 rita
994 5373 1051 5432 lau·

1099 2145 1289 2220 naturalem,
1306 2145 1476 2208 lubentem
1503 2146 1614 2210 itidem
1635 2145 1730 2208 linem
1756 2151 1788 2205 et
1817 2159 1890 2206 me.-

1098 2241 1151 2304 dia
1192 2245 1478 2321 supernaturalia3
1508 2253 1540 2306 ct
1586 2245 1692 2310 omisis
1750 2243 1891 2306 lirrmana

1099 2354 1242 2406 creatura
1258 2353 1307 2408 ιιι
1321 2345 1361 2408 de
1380 2349 1570 2410 necessitate
1599 2346 1712 2410 salutis
1736 2344 1892 2410 Ecclesits

1099 2447 1252 2528 subjecta.
1284 2451 1367 2526 Ergo
1396 2448 1533 2514 societas
1561 2447 1669 2510 civilis
1685 2463 1749 2512 non
1782 2445 1890 2510 hauet,

1100 2547 1246 2627 proxime
1274 2567 1391 2629 uernpc
1405 2560 1435 2612 ιι
1467 2549 1664 2623 improdicta,
1685 2547 1748 2614 nisi
1795 2547 1891 2610 linem

1100 2650 1291 2720 naturalem.
1330 2666 1472 2728 cuncus
1501 2647 1721 2727 temporalem.

1142 2751 1196 2812 tlt.
1214 2751 1274 2814 Sed
1305 2750 1379 2813 linis
1408 2749 1573 2815 societatis
1597 2747 1705 2810 civilis
1733 2763 1803 2812 nou
1843 2755 1899 2808 cst-

1100 2853 1169 2914 sola
1194 2851 1332 2914 felicitas
1359 2851 1534 2916 materialis
1551 2859 1577 2924 ς’
1595 2867 1667 2914 uam
1698 2847 1768 2912 sola
1801 2862 1894 2911 com·

1101 2955 1193 3016 moda
1225 2952 1322 3033 hujus
1355 2955 1429 3014 vitm
1468 2952 1660 3024 extrinseca,
1702 2949 1736 3012 in
1783 2946 1892 3027 iisque

1101 3055 1326 3133 comparandis
1369 3053 1527 3119 industria
1572 3052 1758 3120 communia
1816 3059 1894 3114 sunt

1102 3156 1218 3218 brutis.
1250 3157 1389 3220 Sedista
1421 3156 1494 3220 irrris
1524 3163 1573 3220 est
1606 3153 1715 3226 etiam,
1748 3153 1816 3215 imo
1856 3162 1887 3216 ct

1103 3258 1321 3337 principaliter
1336 3255 1481 3330 moralis,
1513 3244 1695 3324 consistens
1724 3271 1842 3333 nempe
1860 3254 1894 3316 in

1103 3361 1219 3424 virtute
1239 3376 1276 3423 ac
1290 3360 1456 3422 houetate
1472 3375 1596 3424 morum
1614 3377 1623 3432 ς
1643 3355 1711 3422 hmo
1725 3354 1894 3420 conclusio

1101 3463 1186 3542 apud
1231 3478 1344 3526 omnes
1390 3472 1474 3526 corta
1519 3467 1578 3526 est.
1604 3462 1712 3540 Quare
1761 3467 1893 3521 sanctus

1102 3563 1253 3635 Thomas,
1282 3565 1325 3623 Dc
1340 3581 1410 3642 rep.
1429 3564 1570 3644 princip.
1602 3562 1661 3626 lili.
1681 3581 1703 3636 ι,
1720 3564 1815 3637 c.15‚
1832 3563 1892 3623 do·

1103 3671 1151 3726 oet
1169 3685 1177 3725 c
1197 3685 1211 3720 r
1228 3665 1266 3727 ad
1291 3663 1407 3731 bonam
1425 3669 1517 3730 vitam
1544 3666 1644 3730 nnius
1669 3663 1815 3728 hominis
1828 3666 1892 3727 duc

1104 3761 1239 3842 requiri,
1271 3779 1374 3830 unum
1411 3763 1590 3843 principale
1616 3765 1704 3843 quod
1741 3771 1806 3834 est,
1820 3780 1895 3842 ope·

1104 3862 1187 3923 ratio
1225 3863 1406 3925 secundum
1448 3864 1623 3938 virtutem
1663 3863 1768 3928 rirtus
1806 3865 1892 3926 enirn

1103 3970 1152 4025 est
1168 3978 1232 4044 qua
1247 3963 1328 4027 bene
1343 3964 1472 4028 vivitur.
1502 3965 1599 4028 Aliud
1628 3982 1710 4032 ¹nero
1736 3967 1894 4030 secunda·

1103 4061 1200 4136 rium,
1220 4070 1250 4123 et
1269 4063 1363 4143 quasi
1386 4064 1644 4136 iustrumentalo,
1676 4063 1804 4128 scilicet
1828 4081 1893 4126 cor·

1103 4162 1264 4242 paralium
1311 4165 1470 4229 bonorum
1522 4165 1714 4230 sufficieutia
1752 4183 1891 4249 quorum

1103 4284 1184 4332 usus
1210 4275 1258 4330 est
1287 4269 1490 4334 necessarius
1514 4269 1553 4332 ad
1581 4277 1686 4338 adnm
1716 4271 1892 4336 virtutis.»

1102 4371 1140 4432 Et
1166 4371 1360 4448 praecedenti
1393 4371 1520 4450 capite;
1557 4395 1571 4428 ι
1616 4373 1752 4436 l'idetur
1786 4381 1891 4436 autem

1105 4470 1239 4540 ultimus
1275 4471 1347 4541 finis
1389 4489 1462 4535 esse
1499 4473 1718 4538 mtrltitudiuis
1756 4489 1892 4555 congre·

1103 4580 1182 4650 gnta
1213 4573 1320 4635 rivere
1350 4573 1536 4637 secundum
1559 4574 1733 4637 virtutem:
1760 4575 1801 4638 ad
1836 4575 1893 4638 lroc

1102 4673 1186 4737 enirn
1212 4671 1362 4736 nomines
1379 4684 1624 4754 congregantur,
1649 4683 1682 4740 ιιι
1694 4677 1792 4738 simul
1811 4677 1891 4738 bene

1103 4774 1222 4848 vivant,
1244 4773 1329 4853 qarod
1361 4772 1516 4856 consequi
1553 4793 1616 4839 non
1644 4786 1751 4856 posset
1790 4795 1890 4840 tinus-

1102 4873 1242 4953 quisque
1271 4873 1477 4953 singulariter
1511 4875 1631 4939 rivaus.
1664 4877 1750 4940 Bona
1785 4885 1889 4939 autern

1105 4974 1167 5037 rita
1199 4981 1247 5037 est
1266 4975 1445 5038 secuudum
1464 4975 1628 5038 virtutem.
1646 4978 1799 5040 virtuosa
1827 4977 1888 5056 igi-

1103 5082 1154 5136 tur
1183 5076 1307 5138 ritacst
1339 5074 1595 5154 congregationis
1617 5073 1768 5139 humanu
1808 5075 1889 5139 linis.

1102 5176 1208 5256 Hujus
1223 5183 1329 5242 actam
1361 5175 1490 5256 signum
1520 5175 1680 5257 estquod
1714 5175 1748 5238 lii
1789 5185 1890 5253 partes

1103 5276 1406 5340 sintiuultitndinis
1437 5287 1649 5356 congregata,
1678 5277 1737 5356 qut
1763 5277 1890 5340 sibiin·

1104 5375 1204 5437 ricem
1234 5376 1470 5439 ccmnauteant
1497 5377 1530 5438 in
1557 5379 1638 5440 liena
1670 5378 1823 5443 ricaudo.
1857 5379 1888 5440 si

258 5489 350 5541 mana
378 5470 598 5551 tranquillant
619 5472 709 5536 beate
731 5473 894 5542 tradenda,
915 5491 972 5537 seu
1000 5483 1049 5538 est
1102 5473 1189 5536 euim
1231 5482 1359 5570 propter
1383 5473 1489 5538 solum
1533 5475 1643 5539 virere
1680 5478 1890 5540 convenirent

258 5573 422 5640 beatitudo
465 5573 602 5636 humana
639 5574 838 5652 temporalis.
861 5576 939 5637 Nam
975 5575 1049 5640 ideo
1103 5575 1270 5648 liornines,
1299 5575 1449 5638 animalia
1475 5586 1676 5657 essentpors
1699 5579 1809 5660 aliqua
1840 5595 1889 5642 so·

224 5707 227 5713 ,
258 5674 564 5740 ltominesanatura
593 5675 633 5738 ad
670 5673 854 5741 coeundum
887 5675 921 5738 iu
942 5677 1048 5738 socie·
1101 5676 1224 5740 rietatis
1250 5676 1400 5739 civilis.»

258 5783 355 5844 latent
380 5773 580 5852 ,inclinantur
603 5782 635 5840 et
676 5773 892 5852 adducuntur,
919 5785 952 5841 ut
999 5777 1050 5840 iu·
1141 5779 1195 5842 ll'.
1218 5776 1314 5857 Atqui
1331 5777 1431 5856 prima
1447 5779 1548 5843 virtus
1573 5788 1621 5846 ost
1647 5780 1752 5846 colere
1768 5791 1796 5846 et
1810 5777 1887 5843 ado·
