4042 6458
289 435 344 500 lib
801 425 916 490 JUlilS
935 415 1116 486 canumet
1131 409 1398 479 COMPENDIUM.
1741 415 1743 418 ’
1874 395 1933 465 tto

196 525 203 534 ’
288 562 383 622 nem,
404 543 444 607 ad
475 557 572 623 quem
602 556 705 622 genus
736 537 906 602 bominum
936 543 1079 600 creatum
1135 525 1224 606 leges
1240 521 1412 588 canonicas
1430 533 1527 584 omne
1539 514 1741 583 territorium
1758 513 1797 579 ad
1815 513 1934 578 Eccle-

283 645 363 718 duit,
388 659 552 726 quemque
578 639 729 704 omnibus
752 640 820 702 suis
848 635 1001 701 membris
1020 634 1081 697 im·
1135 625 1218 689 eiam
1236 624 1404 706 pertinens
1415 620 1572 690 eximitur
1589 617 1856 730 aiurisdictione
1872 617 1934 730 lai·

291 742 402 821 primis
432 755 603 820 procurare
634 737 729 801 debet
755 736 862 800 omnis
885 735 985 798 aratio.
1003 734 1080 796 vice
1135 725 1209 798 celi,
1226 725 1304 806 quia
1329 723 1441 787 nullus
1459 719 1935 804 princepssuamjurisdrctro-

289 858 346 903 sua
362 837 510 902 nationes
525 846 641 900 sartam
662 845 776 900 tectam
797 834 1005 914 temporalem
1026 849 1082 896 ex·
1136 841 1209 888 nem
1227 823 1261 886 in
1275 823 1411 886 alterius
1426 818 1584 900 principis
1596 815 1761 880 territorio
1776 830 1934 878 exercere

289 941 466 1002 srstcrttiaru
492 939 643 1004 Ecclesia
667 939 809 1018 praebere
826 943 991 1001 tenentur.
1018 937 1082 999 Sa·
1100 931 1107 938 ’
1135 933 1298 1006 patescet
1313 923 1451 1003 90ῆῦού
1469 937 1565 984 0ffl¹l⁰
1582 917 1796 990 territorium,
1808 915 1937 978 ⁰¹⁰ssss-

289 1037 417 1100 culcrrs
441 1045 615 1119 potestates
639 1037 891 1100 institutasunt
914 1033 1082 1098 adomnia
1135 1046 1200 1110 que
1227 1025 1370 1091 locusad
1396 1022 1571 1088 Ecclesiam
1597 1023 1780 1103 pertinens,
1800 1037 1877 1101 pars
1894 1017 1937 1081 sit

292 1133 486 1220 ,apertorum
499 1140 573 1220 jura
592 1141 735 1214 tutanda,
750 1139 789 1202 ad
805 1137 953 1206 omnium
967 1153 1080 1202 eorum
1136 1129 1228 1209 regni
1251 1127 1308 1192 bei
1326 1128 1361 1190 in
1373 1127 1481 1201 terris,
1493 1125 1580 1206 quod
1597 1133 1647 1188 est
1663 1123 1793 1186 risibile
1809 1133 1843 1186 et
1859 1137 1936 1186 ccr-

290 1241 531 1304 corrrmorlorum
553 1249 585 1302 et
601 1239 829 1306 necessitatum
849 1253 955 1304 reram
984 1235 1081 1304 satis·
1136 1227 1246 1308 porale
1262 1225 1514 1305 necessarioque
1531 1222 1627 1286 debet
1647 1223 1709 1286 sibi
1727 1221 1793 1304 ipsi
1810 1222 1935 1284 babere

289 1339 461 1402 lectionem
486 1340 732 1418 procurandam,
754 1338 925 1419 Accipiunt
941 1336 1021 1407 alias
1042 1335 1084 1400 ab
1137 1329 1243 1392 locum
1260 1324 1430 1406 physicum
1446 1331 1478 1387 el
1493 1320 1702 1392 materialem·

291 1439 432 1502 Ecclesia
446 1457 515 1512 sua
531 1441 734 1508 auctoritatis
748 1431 894 1506 'tutamen
914 1445 946 1502 et
966 1456 1083 1504 conse·
1179 1429 1240 1494 Res
1268 1443 1341 1489 tum
1373 1425 1417 1494 ile
1439 1425 1530 1499 ⁵1⁰¹·
1557 1423 1655 1504 idque
1685 1438 1783 1493 ”⁰⁰¹⁰
1814 1437 1937 1502 nt'illle

214 1613 221 1622 ,
290 1537 961 1620 cratloaencproindequecidemdebent
977 1547 1084 1618 prote·
1138 1529 1240 1611 possit
1263 1525 1328 1592 nisi
1355 1525 1460 1606 ipsam
1488 1523 1642 1588 Ecclesia
1670 1522 1849 1592 essentiam
1880 1523 1937 1584 de-

290 1634 442 1720 ctiouem,
474 1637 700 1710 detonsionem
725 1647 768 1716 er,
798 1640 827 1703 st
859 1655 943 1719 opus
969 1639 1082 1716 tuerit,
1136 1628 1311 1699 struendo,
1333 1621 1661 1688 concludendumest
1677 1619 1936 1700 nullemsupre·

292 1737 398 1798 media
416 1737 593 1808 materialis
609 1739 806 1803 exsistentiae
821 1739 1081 1820 independentis.
1137 1725 1267 1790 militm
1283 1722 1495 1804 temporalem
1521 1728 1553 1786 0¹
1567 1721 1697 1786 &lilim
1718 1721 1841 1785 melius
1863 1735 1937 1782 0⁵³0

291 1835 376 1898 ilinc
392 1837 580 1911 nationibus
606 1857 786 1920 earumque
811 1839 1083 1920 gubernatoribus
1136 1825 1173 1890 in
1193 1825 1325 1907 jssllblls
1345 1821 1513 1887 summm
1529 1840 1627 1904 quam
1647 1833 1765 1888 ⁵³⁰0&
1790 1823 1887 1886 ⁵⁰⁴¹ss
1903 1821 1936 1886 51¹
2016 1852 2017 1938 t

291 1935 452 2000 incumbit
485 1938 641 2020 obligatio
675 1941 790 2004 tuendi
822 1951 854 2004 et
885 1941 1081 2008 defendendi
1138 1925 1494 1995 ⁸¹⁸²⁰⁵⁰⁰⁰l⁰⁸5³⁵fi⁰⁰⁵
1521 1934 1552 1994 il
1576 1924 1656 1993 δῆθ’
1679 1924 1835 1998 Εθθῑθθῑθ
1859 1941 1937 2004 9⁰⁵·
2016 1939 2017 2028 l

292 2038 400 2101 omnia
416 2039 499 2102 bona
511 2039 662 2103 Ecclesia
673 2041 873 2122 temporalia.
886 2043 969 2106 Eine
986 2044 1083 2107 etiarn
1137 2030 1302 2095 fieSSiOttssS
1317 2027 1547 2109 suptflmfllitffl
1562 2027 1705 2099 civilem.
2016 2031 2017 2056 ¹

291 2137 365 2200 lluit
384 2140 547 2220 exemptio
574 2141 721 2205 omnium
749 2142 904 2208 Ecclesia
925 2151 1082 2225 tempora·
1381 2175 1537 2218 exercsrrru
1559 2173 1684 2216 mearat.

291 2237 385 2304 lium.
402 2239 533 2302 llebitor
544 2239 642 2318 enim,
658 2243 697 2305 nd
712 2260 807 2307 suum
823 2244 967 2314 debitunt
983 2243 1086 2307 credis
1172 2262 1295 2320 Ecclesia
1310 2261 1446 2318 catholica
1461 2277 1571 2334 semper
1584 2269 1613 2318 et
1626 2261 1661 2320 ab
1677 2260 1756 2322 initio
1771 2261 1847 2318 bona
1869 2269 1941 2316 tem·

292 2341 353 2400 tori
374 2343 627 2406 assecurandum
639 2386 648 2420 ,
661 2345 776 2426 nequit
790 2345 845 2425 jus
862 2347 969 2409 eidam
985 2362 1084 2410 onera
1138 2357 1244 2430 peratis
1270 2357 1410 2429 posseditr
1435 2355 1500 2412 item
1513 2371 1671 2426 xrrpremam
1689 2355 1797 2412 civilem
1812 2363 1941 2427 pas-ests·

291 2439 481 2520 imponendi
528 2443 673 2520 habere;
716 2445 856 2512 humana
889 2446 970 2510 ratio
1009 2447 1085 2512 huic
1139 2460 1195 2508 tem
1219 2451 1384 2522 inpropriis
1404 2449 1806 2522 subiectissutnpercxcrecit.

291 2544 546 2624 pejorisspeciei
572 2547 775 2613 etinaudita
793 2567 902 2615 usura
914 2561 1083 2633 repugnat.
1179 2557 1297 2621 Contra
1331 2555 1412 2618 lranc
1443 2563 1583 2616 nostram
1614 2553 1865 2617 conclusionem
1902 2569 1942 2617 ex

293 2642 1086 2727 atqctnationesearumquepotestatesuebito·
1140 2657 1302 2723 evidentia
1318 2655 1474 2728 historica
1502 2653 1717 2718 certissimam
1737 2654 1830 2718 multi
1852 2671 1939 2734 pra-
2017 2667 2018 2706 1

295 2759 345 2804 res
356 2752 433 2806 sunt
449 2745 507 2817 Dei
521 2753 552 2812 ct
566 2747 733 2822 Ecclesia;
749 2749 831 2829 ipsis
848 2749 949 2830 igitur
964 2751 1087 2814 incnm·
1140 2757 1253 2821 sertim
1286 2754 1428 2820 haretici
1456 2760 1487 2816 et
1503 2762 1620 2816 sancta
1648 2753 1800 2817 Ecclesia
1823 2752 1941 2816 hostes

294 2839 340 2903 bit
359 2842 513 2923 obligatio
535 2861 595 2914 sua
613 2846 719 2908 debila
733 2847 884 2912 solvendi
900 2850 1029 2931 iabsquc
1047 2869 1087 2918 eo
1140 2857 1340 2922 conclamant
1368 2855 1547 2918 Ecclesiam
1565 2871 1623 2932 per
1648 2853 1763 2916 saltem
1778 2860 1846 2916 tres
1871 2851 1941 2932 pri-

293 2943 380 3021 uued
411 2945 587 3010 Ecclesiam
607 2948 804 3026 opprimant,
828 2966 966 3032 eamque
981 2954 1086 3034 subjt·
1142 2977 1212 3024 mos
1227 2957 1376 3033 saculos,
1390 2957 1527 3020 etctiam
1545 2955 1869 3037 usqueaduuintum
1888 2961 1942 3017 aut
2018 3017 2019 3025 ,

293 3040 380 3106 ciant
400 3044 556 3106 oneribus
579 3052 610 3107 et
625 3046 862 3125 exactionibus,
876 3049 914 3112 ad
930 3069 1003 3132 qua
1018 3053 1086 3115 sol·
1142 3069 1269 3124 sextum
1293 3060 1461 3132 saeclum,
1478 3056 1605 3120 nullum
1627 3056 1839 3129 territorium,
1857 3055 1939 3119 nul·
2018 3031 2019 3056 ¹

294 3141 398 3207 venda
427 3143 540 3222 nequit
566 3144 703 3226 astringi
739 3147 850 3213 divina
888 3153 1087 3229 suprematia
1142 3157 1276 3237 luraque
1308 3154 1525 3236 principatum
1558 3154 1687 3218 ciuilem
1725 3155 1939 3234 possedisse,

294 3241 366 3301 suis
391 3239 543 3310 humanis
558 3243 740 3326 delegatis,
767 3245 824 3326 qui
842 3247 882 3312 ab
897 3248 1088 3329 ipsaomnia
1141 3263 1445 3336 coctaequenterquc
1479 3253 1628 3334 eiusdem
1659 3253 1870 3335 proprietatis
1911 3263 1940 3317 et

297 3349 422 3404 tenent.
1142 3353 1330 3433 temporalis
1347 3352 1548 3432 principatus
1561 3353 1616 3432 jus
1636 3369 1700 3416 non
1728 3369 1801 3416 esse
1829 3353 1940 3417 ioha-

334 3445 389 3506 lv.
414 3445 461 3506 Ex
485 3445 637 3508 omnibus
668 3463 745 3510 uero
769 3450 885 3528 positis
910 3452 1087 3530 praemissis
1142 3469 1217 3516 rens
1236 3469 1296 3515 suo
1312 3451 1381 3533 juri
1401 3450 1527 3514 divino.
1546 3453 1637 3516 lianc
1654 3455 1940 3536 quotidiejactita·

296 3545 470 3608 deducitur
500 3546 561 3608 alia
590 3546 735 3626 rigorose
763 3555 794 3610 et
817 3550 919 3613 ,valde
950 3553 1089 3617 notanda
1141 3560 1219 3628 mm,
1235 3558 1267 3618 et
1292 3569 1366 3616 cum
1383 3552 1535 3634 pratensi
1561 3553 1721 3636 triumphi
1740 3555 1940 3620 clarnoribns
2019 3557 2020 3570 ¹

295 3645 613 3724 conclusio,scilicet
628 3649 715 3730 quod
728 3648 784 3728 jns
800 3651 1009 3730 proprietatis
1026 3655 1087 3718 Ec·
1143 3653 1339 3734 publicatam
1368 3653 1586 3734 objectionum
1614 3653 1794 3720 raletlendc
1819 3665 1941 3720 nostra

295 3752 405 3824 clesia
422 3751 464 3813 sit
485 3749 540 3830 jus
556 3767 758 3830 supremum,
788 3769 860 3814 cum
880 3751 922 3814 sit
937 3751 978 3815 ab
998 3752 1086 3817 omni
1142 3753 1245 3817 thesis
1261 3753 1430 3818 veritatem
1454 3755 1527 3818 luce
1545 3751 1715 3818 clariorem
1730 3757 1940 3821 demonstra·

295 3853 437 3916 humana
455 3858 629 3931 potestate,
650 3852 690 3914 ab
710 3853 864 3915 omnibus
883 3853 1088 3918 secularium
1142 3853 1265 3917 bimus.

296 3953 449 4015 civilibus
467 3951 595 4030 legibus
622 3952 863 4031 independens.
893 3955 959 4017 Etsi
987 3955 1089 4035 igitur
1182 3955 1339 4018 Probatur
1357 3955 1523 4019 Protinus
1549 3954 1739 4037 tbccldpicc.
1780 3957 1937 4036 aprima,
2019 3969 2020 4044 j

297 4053 431 4118 minima
445 4051 543 4115 luerit
567 4052 720 4117 Ecclesia
734 4055 936 4133 proprietas,
959 4057 1087 4131 etiamsi
1142 4056 1269 4120 etiamsi
1286 4074 1344 4136 per
1355 4063 1419 4120 tres
1435 4058 1559 4138 primos
1571 4055 1939 4121 saculoslicclesianul·
2019 4047 2020 4088 ³

176 4209 179 4216 .
298 4169 400 4215 unum
427 4159 551 4214 tanturn
583 4150 726 4232 agellum
758 4153 792 4214 in
827 4152 980 4216 aniverso
1009 4155 1087 4218 orbe
1143 4155 1210 4220 lum
1227 4154 1429 4219 territorium
1447 4157 1626 4232 habuisset,
1645 4155 1938 4238 nullumquetem·

299 4251 496 4332 possideret,
523 4250 611 4314 hunc
629 4250 658 4313 ri
672 4249 759 4330 juris
781 4250 832 4314 sui
849 4251 1008 4330 supremi,
1033 4270 1088 4316 na·
1145 4257 1287 4337 poralam
1302 4257 1518 4338 principatum
1534 4255 1737 4320 exercuisset
1755 4278 1764 4319 ε
1782 4257 1843 4320 hoc
1858 4257 1938 4321 nibil

297 4351 410 4415 turnlis
427 4357 459 4414 et
485 4350 588 4414 divini
617 4351 784 4431 proprium
811 4350 957 4414 haberet.
974 4352 1087 4434 ltaque
1143 4365 1253 4420 contra
1272 4355 1328 4437 jus
1346 4356 1496 4436 ejusdem
1512 4357 1674 4435 probaret,
1702 4374 1763 4419 nec
1778 4357 1861 4420 illud
1877 4359 1936 4420 de·

298 4467 502 4531 quaecunque
533 4449 739 4530 proprietatis
770 4450 924 4514 Ecclesiae
955 4452 1089 4517 violatio
1143 4461 1294 4516 sterteret.
1320 4453 1654 4516 solummodoautem
1678 4454 1852 4516 resultaret
1879 4457 1935 4518 Ec·

297 4558 472 4614 attentatur
497 4549 563 4630 juri
600 4549 825 4628 suprematta,
857 4549 924 4628 juri
951 4556 1087 4626 aterno,
1142 4553 1273 4618 ciceiam
1290 4553 1399 4617 omitia
1416 4571 1473 4618 sua
1485 4554 1561 4633 jura
1578 4570 1641 4617 non
1659 4555 1863 4630 exercuisse,
1879 4573 1937 4618 nec

294 4650 363 4732 juri
376 4642 506 4731 proprio
519 4650 576 4714 bei
592 4650 716 4732 ipsius3
730 4649 848 4728 triplex
861 4650 1003 4724 violatio,
1016 4668 1090 4734 qua
1143 4645 1214 4712 istis
1240 4649 1276 4714 in
1293 4648 1479 4728 particulari
1496 4666 1586 4712 arsam
1607 4647 1725 4714 luisse.
1754 4653 1844 4715 Deus
1867 4652 1935 4731 ipse

298 4770 363 4816 non
383 4733 505 4816 tantum
532 4753 655 4814 lurtum
673 4760 705 4816 et
723 4751 875 4832 injuriam
900 4769 973 4816 cum
990 4754 1087 4817 resti·
1142 4766 1209 4813 non
1231 4766 1359 4830 semper
1388 4751 1496 4813 omnia
1520 4768 1581 4815 sua
1597 4751 1672 4832 jura
1704 4762 1848 4828 exercet,
1874 4753 1934 4815 etsi

298 4852 436 4915 tutionis
459 4849 680 4931 obligatione,
710 4851 769 4914 scd
797 4851 895 4914 etiam
919 4851 1087 4934 sacrilegii
1142 4850 1390 4931 ipsiabatarno
1416 4852 1617 4931 pertinean13
1633 4852 1692 4916 sed
1719 4870 1935 4916 eorumexcr-

297 4955 421 5020 crimen
442 4954 622 5018 constituit.
1053 4971 1069 4992 ¹·
1143 4949 1257 5019 citiuttt
1284 4949 1374 5031 juxta
1399 4969 1468 5014 sua
1492 4951 1663 5032 sapientire
1692 4953 1826 5034 regulas
1852 4969 1935 5016 com·

340 5055 378 5116 t'.
395 5052 526 5118 Pralata
543 5053 702 5136 principia
722 5061 841 5120 sancta
858 5055 946 5121 sedis
961 5061 1088 5135 tempo·
1143 5055 1321 5122 mensurat·
1336 5049 1497 5124 Christus,
1513 5050 1575 5114 etsi
1599 5049 1639 5114 cb
1653 5057 1776 5114 {eterno
1795 5053 1866 5115 Rex
1887 5068 1936 5112 te·

299 5153 383 5222 rates
398 5163 500 5220 status
515 5157 630 5220 eodem
652 5156 747 5221 modo
762 5173 799 5220 ac
810 5155 961 5220 minimas
980 5155 1089 5218 Eccle·
1143 5166 1219 5230 gum
1230 5147 1340 5228 luerit,
1351 5167 1443 5213 suam
1456 5149 1577 5229 regiam
1593 5158 1784 5232 potestatem
1799 5147 1935 5214 interris

299 5256 357 5319 sia
373 5255 585 5337 proprietates
602 5256 635 5319 in
651 5274 848 5338 quacunque
874 5254 1088 5334 mundiparte
1143 5266 1209 5314 non
1239 5251 1384 5314 exercuit
1411 5250 1474 5314 nisi
1503 5251 1637 5332 quando
1679 5252 1803 5315 missus
1831 5249 1932 5314 iuita

298 5355 377 5418 sitas
412 5360 541 5436 regunt.
564 5355 690 5418 Exinde
711 5355 800 5436 quod
835 5354 989 5418 Ecclesia
1013 5369 1089 5432 pro·
1142 5351 1247 5414 Patre.
1273 5351 1321 5414 lta
1344 5352 1451 5415 estde
1472 5351 1629 5427 Ecclesia,
1649 5350 1936 5432 quasuorumjrt·

299 5455 416 5532 parietas
441 5455 483 5518 sit
494 5454 550 5535 Jus
566 5455 714 5518 naturale
740 5471 930 5536 supremum
948 5461 980 5518 et
1001 5453 1090 5518 diris
1146 5451 1231 5514 rium
1248 5451 1441 5517 exercitium
1458 5451 1585 5532 regulet
1600 5453 1783 5515 secundum
1797 5451 1934 5530 pruden-

298 5572 389 5631 num,
415 5557 628 5638 consequitur
652 5553 755 5619 solam
784 5555 962 5628 Ecclesiam
993 5571 1089 5636 posse
1144 5553 1222 5615 tiam
1239 5569 1335 5632 quarn
1353 5553 1424 5615 suis
1446 5552 1598 5615 consiliis
1613 5551 1667 5616 dat
1682 5551 1826 5632 Spiritus
1840 5551 1934 5616 sancti

299 5671 451 5718 exercere
463 5655 538 5736 jura
552 5671 715 5744 suprema
735 5654 903 5738 potestatis
921 5661 953 5718 et
968 5655 1090 5734 guber·
1145 5653 1342 5718 assistentia.
1366 5653 1473 5717 llodia
1500 5653 1648 5734 quidem,
1672 5669 1712 5718 cx
1738 5654 1933 5726 condescens

300 5755 387 5820 nalia
401 5756 435 5822 in
449 5773 563 5822 omnes
575 5759 757 5824 incolentes
785 5757 818 5820 in
836 5757 975 5822 dirersis
992 5757 1090 5821 terri·
1146 5755 1257 5819 dantia
1275 5761 1306 5819 et
1327 5753 1444 5820 salutis
1457 5754 1639 5820 animarum
1657 5771 1782 5830 amore,
1799 5749 1932 5819 Ecclesia

300 5856 394 5924 teriia
410 5857 451 5922 ad
470 5860 571 5940 ipsam
590 5859 843 5941 pertinentibus.
870 5861 1013 5942 ideoque
1032 5875 1092 5942 per
1150 5874 1224 5923 sese
1238 5855 1419 5940 saepissime
1436 5856 1514 5923 etin
1532 5857 1644 5924 multis
1656 5857 1848 5938 regionibus
1864 5855 1931 5922 abs·
