4004 6458
275 375 329 440 bib
731 415 734 422 .
772 367 886 432 tuuis
908 358 1090 430 CANONIOE
1106 361 1371 428 couenuututt.
1831 369 1878 434 bil

272 488 384 552 sticum
401 485 505 562 laedat,
521 490 552 550 et
570 501 677 567 prauus
689 501 706 547 a
718 483 817 548 sacris
831 483 1012 546 canonibus
1027 486 1059 542 et

273 587 360 650 bulla
383 585 483 650 Curru
516 586 669 648 incurrat.
698 583 834 646 Proinde
858 581 1060 646 administra·

275 699 359 752 tores
377 687 571 750 fabricarum
591 686 711 750 nullam
740 684 890 766 potestati
915 680 1059 746 seculari

275 789 429 851 rationem
460 803 527 850 sure
552 785 843 848 administrationis
867 783 998 848 debent.
1024 783 1059 844 ln

274 889 467 964 quibusdam
480 893 584 950 tamen
606 885 806 964 regionibus,
826 884 922 948 ueluti
941 883 972 944 in
988 881 1062 944 Gai·

276 987 339 1064 liis,
359 1003 398 1050 ex
430 985 589 1064 injustitia
616 992 647 1047 et
672 984 822 1046 violentia
852 979 1061 1060 legislationis

177 1155 181 1162 ,
275 1084 438 1148 secularis
465 1092 632 1164 nequeunt
651 1084 874 1146 administrare
904 1081 966 1144 nisi
981 1097 1061 1144 con-

273 1183 417 1246 formiter
444 1183 632 1264 hujusmodi
666 1183 833 1247 servitutis
851 1178 1058 1259 legislatiorri.

274 1283 363 1348 Unde
396 1281 427 1343 in
456 1283 544 1360 praxi
572 1283 701 1364 quoties
732 1298 796 1344 non
817 1286 951 1360 possunt
968 1278 1061 1340 talem

274 1382 464 1444 seruitutem
496 1381 653 1453 eludere,
679 1399 719 1446 ex
749 1381 916 1460 prudentia
946 1379 1063 1440 debent

276 1499 332 1560 per
360 1482 460 1559 legen]
491 1481 676 1544 saecularem
694 1487 784 1544 actus
801 1495 880 1542 suos
911 1465 1061 1540 rulida're.

275 1582 302 1642 E
319 1590 427 1643 contra
447 1598 532 1652 vero,
546 1580 674 1658 quoties
692 1587 829 1660 possunt
843 1579 965 1658 absque
981 1575 1063 1658 peri·

277 1681 351 1742 rulo
387 1681 571 1762 lrujusmodi
620 1681 787 1744 servitutis
828 1679 1062 1758 legislationem

279 1780 423 1856 eludere,
441 1797 502 1842 nun
528 1787 651 1842 tuntum
669 1789 816 1860 possunt,
831 1781 886 1844 sed
902 1796 993 1860 aeque
1008 1779 1063 1842 de·

277 1882 353 1946 berti
366 1881 408 1944 ita
424 1881 546 1944 lucete..

316 1981 444 2044 Certum
466 1989 514 2042 est
528 1982 561 2042 2·
581 1979 856 2044 administratores
872 1978 1062 2046 fabricarum

277 2080 379 2142 tenori
396 2080 529 2141 omnino
546 2079 769 2142 administrare
783 2079 819 2142 ari
840 2094 984 2142 normam
1005 2079 1063 2143 de·

278 2190 439 2244 cratonum
473 2190 655 2244 sanctorum
684 2182 914 2257 conciliorum,
946 2181 1065 2246 consti·

279 2279 439 2340 turianum
459 2287 580 2342 sarrotae
594 2279 695 2352 sedis,
710 2287 740 2342 et
768 2287 963 2344 statutorum
993 2279 1064 2358 epi·-

277 2377 468 2455 scopuliunr.
482 2377 544 2438 Sed
566 2382 733 2455 nequeunt
750 2375 1066 2456 episcopaliastututa

276 2475 421 2536 conciliis
451 2474 659 2536 oecumenicis
687 2482 719 2537 et
741 2473 914 2554 pontificiis
942 2472 1064 2537 consti·

277 2574 459 2636 tutionibus
479 2575 637 2636 contraria
653 2574 760 2656 sequi.
1004 2575 1008 2582 '

277 2733 293 2810 b
312 2733 344 2792 ll.
360 2767 395 2780 ·-
409 2737 449 2793 lic
465 2737 637 2796 alienatione
652 2739 786 2796 bonorum
802 2739 1064 2798 ecclesiasticorum.

316 2869 342 2934 i.
360 2872 487 2934 «Vetus
501 2875 681 2952 estreguta,
699 2874 849 2940 Ecclesia
866 2893 917 2939 res
928 2873 1063 2939 alienari

276 2985 342 3031 nort
366 2987 470 3047 posse,
487 2989 583 3050 rpranr
600 2973 741 3051 regulam
770 2976 897 3037 etsacri
920 2989 1065 3037 canones

277 3075 309 3129 et
327 3067 438 3130 civiles
459 3069 547 3148 leges
564 3079 664 3132 ratam
679 3073 801 3135 firmam
820 3071 928 3135 baberi
952 3073 1066 3138 rotae·

278 3174 364 3230 runt.
390 3167 468 3230 Nem
493 3187 550 3232 sua
580 3171 731 3234 Ecclesiae
760 3173 842 3236 iruna
869 3183 951 3236 sarta
987 3183 1066 3238 tacta

277 3268 433 3329 servanda
463 3278 551 3341 sunt,
572 3281 605 3333 ut
621 3288 662 3334 ex
684 3271 724 3334 iis
752 3273 886 3336 babeant
903 3273 1008 3336 clerici
1036 3279 1066 3335 et

280 3370 532 3448 pauperesuude
552 3372 684 3440 rirant.
712 3380 742 3436 et
773 3373 940 3452 religionis
958 3375 1065 3437 cuitus

277 3474 487 3532 sustineatur.
516 3471 621 3534 Hodie
643 3490 679 3535 ea
715 3473 746 3535 in
775 3493 807 3536 re
832 3476 904 3554 jure
929 3477 1065 3552 utimur,

277 3572 363 3650 quod
383 3571 508 3634 oPuulo
522 3573 550 3634 ll
573 3573 729 3636 sorroituru
747 3581 795 3637 est
811 3581 970 3655 extrarag.
993 3575 1067 3636 Am·

284 3671 417 3746 bitieroe,
436 3671 479 3731 fle
492 3671 558 3734 relt.
574 3671 690 3734 Ecetra.
712 3673 866 3737 alienanti.
882 3674 929 3736 cci
956 3692 1031 3737 non.
1051 3699 1065 3731 ι

279 3770 1069 3848 (θειοτι,1ιιειιί.οαιι.Ιιιι.ιι,ιίι.ιιιι.-Εοιιοοι·

281 3869 356 3932 daut
371 3871 406 3932 C.
423 3871 635 3948 Apostolicor,
650 3891 744 3934 causa
764 3874 822 3947 tt,
840 3882 951 3953 quaest.
970 3873 1015 3948 23
1039 3889 1067 3936 o.

277 3965 369 4032 Nulli
396 3968 485 4032 liceat
502 4013 511 4046 ,
527 3971 571 4034 Dc
585 3971 679 4034 rabua
701 3971 806 4036 eccles.
822 3992 886 4034 acre
908 3972 1066 4037 olienutrd.

279 4076 310 4129 ot
325 4067 407 4144 alii.)

319 4168 360 4230 ll.
384 4171 429 4232 Ex
453 4169 502 4232 lris
524 4171 660 4250 proinde
690 4174 912 4237 sanctionibus
942 4173 1067 4251 regula·

280 4267 503 4334 riter-ulicnari
519 4279 726 4337 vetanturres
739 4275 933 4338 immobiles.
955 4298 969 4332 r
991 4277 1068 4339 Par·

1112 481 1169 546 nui
1198 481 1367 555 redditrrr;
1394 483 1545 558 praeterea
1560 477 1634 558 jura
1650 481 1682 542 et
1694 477 1828 546 adiouea
1846 489 1878 550 ad

1111 583 1305 658 immobilia,
1319 588 1354 646 ut
1368 581 1504 644 habetur
1522 595 1674 660 expresse
1689 579 1722 643 in
1740 578 1879 651 Clamant.

1112 681 1223 756 Exivi,
1239 684 1282 744 ile
1293 681 1415 746 acrbar.
1433 679 1542 760 siparis.

1152 783 1207 846 ttt.
1222 785 1292 846 Non
1308 782 1416 846 solum
1431 798 1484 844 res
1494 777 1680 844 immobiles
1694 778 1822 842 alienari
1837 800 1883 846 nc·

1112 889 1249 964 queunt,
1281 882 1339 946 sed
1367 881 1465 944 etiam
1492 897 1543 942 res
1578 877 1714 941 mobiles
1738 879 1882 958 pretiosa,

1112 998 1185 1060 quaa
1201 979 1323 1044 serrari
1343 984 1490 1058 possunt.
1509 978 1649 1058 (Extrar.
1672 975 1727 1038 cir.
1742 977 1882 1040 Ambitio·

1113 1079 1178 1161 rra.)
1214 1079 1351 1144 Nomine
1389 1084 1498 1142 autem
1535 1077 1704 1140 mobilium
1743 1079 1884 1155 pretiosa·

1114 1195 1197 1251 rum,
1216 1178 1261 1240 ait
1284 1177 1442 1253 Furianis,
1466 1174 1556 1238 verb.
1581 1176 1753 1250 Alienutio,
1779 1186 1833 1239 art.
1853 1181 1883 1252 t,

1114 1279 1178 1342 ni
1201 1285 1232 1342 ct
1246 1295 1329 1360 seq„
1346 1294 1420 1360 quaa
1441 1275 1577 1342 alienari
1602 1293 1667 1340 nou
1692 1276 1825 1354 possint,
1840 1297 1885 1341 re·

1113 1379 1210 1444 niunt
1229 1397 1302 1459 qum
1327 1387 1405 1444 sunt
1422 1379 1462 1442 tle
1487 1378 1639 1442 thesauro
1667 1377 1819 1452 ecclesio,
1842 1381 1882 1441 rel

1113 1495 1187 1560 qum
1211 1488 1340 1560 propter
1361 1481 1514 1561 pretium,
1535 1489 1649 1555 artem,
1680 1479 1835 1544 raritatem
1856 1491 1882 1542 et

1112 1581 1339 1662 antiquitatem
1371 1581 1541 1645 conferunt
1565 1579 1710 1646 ecclesiae
1729 1579 1884 1658 specialem

1113 1681 1330 1759 splendorem,
1346 1689 1385 1744 ut
1408 1689 1485 1744 suut
1504 1697 1578 1745 rasa
1596 1697 1707 1756 aurea,
1730 1689 1883 1760 argentea,

1114 1789 1220 1846 vestes
1248 1782 1407 1859 pretiosre,
1434 1799 1587 1863 gemme,
1617 1789 1803 1846 ornamenta
1825 1799 1886 1860 prc-

1113 1879 1208 1953 tiosa,
1228 1880 1360 1958 copiosa
1371 1879 1578 1956 bibliotheca,
1602 1887 1634 1944 et
1661 1878 1784 1942 similia
1803 1897 1885 1940 exce·

1115 1978 1223 2042 dentia
1246 1980 1385 2046 calorem
1405 1980 1522 2060 viginti
1547 1980 1695 2062 quinque
1716 1993 1885 2051 aureorum,

1115 2085 1212 2158 prout
1230 2079 1411 2144 rteclarasse
1429 2097 1510 2144 sacr.
1526 2096 1636 2160 congr.
1658 2077 1801 2142 referunt
1821 2079 1885 2138 l'rl·

1115 2180 1172 2244 dos
1198 2180 1352 2245 etalii...
1380 2183 1431 2244 Sic
1452 2181 1548 2244 etiarn
1580 2179 1715 2243 nomine
1736 2179 1886 2240 rrrobitiurrr

1115 2281 1330 2362 pretiosorum
1347 2282 1485 2344 veniunt
1501 2279 1648 2360 insignes
1664 2277 1811 2358 reliquia
1824 2293 1888 2338 sarr-

1116 2387 1292 2446 ctorum....
1312 2383 1389 2445 item
1414 2382 1545 2446 nomine
1555 2379 1727 2444 mobilium
1747 2378 1886 2457 pretioso·

1116 2498 1187 2544 rum
1204 2481 1462 2546 inoliorrabilium
1481 2481 1617 2545 veniunt
1638 2479 1696 2542 illa
1720 2477 1843 2540 mobilia
1856 2495 1888 2538 rr

1116 2597 1255 2662 quorum
1287 2582 1448 2646 fructibus
1476 2581 1577 2647 annui
1613 2579 1763 2645 redditus
1797 2577 1887 2641 solent

1117 2681 1239 2762 percipi
1254 2683 1293 2745 ab
1310 2683 1445 2746 ecclesia
1462 2701 1522 2748 seu
1536 2681 1747 2755 monasterio,
1772 2685 1804 2742 ut
1824 2694 1887 2757 grex
1974 2729 1975 2734 ,

1117 2783 1227 2844 οιίιιιιι
1241 2827 1251 2860 ,
1267 2792 1446 2846 armentum
1463 2783 1574 2856 boum,
1594 2782 1785 2862 praesepium
1801 2795 1888 2858 equo·

1118 2882 1282 2944 camilon
1298 2890 1404 2944 autem
1416 2898 1527 2944 uorum
1542 2879 1679 2953 fructus,
1693 2894 1766 2940 cum
1782 2874 1886 2938 licitum

1117 2981 1160 3044 sit
1176 2983 1314 3046 tendere
1330 2989 1361 3045 et
1378 2983 1517 3043 alienare
1547 2981 1680 3052 arictes,
1708 2978 1822 3050 hircos,
1837 2975 1888 3040 he·

1117 3085 1189 3157 dos,
1221 3083 1351 3154 ritulos,
1371 3099 1474 3163 equos
1504 3088 1535 3144 et
1565 3079 1885 3160 lrujnsmodi....ltrrrr

1118 3185 1251 3248 nornine
1279 3184 1446 3246 mobilium
1468 3183 1683 3263 pretiosorum
1715 3179 1888 3244 inalienabi·
1973 3237 1974 3240 ,

1124 3282 1204 3346 lium
1224 3285 1359 3346 veniunt
1379 3285 1509 3346 arbores
1526 3282 1700 3362 frugiferae.
1718 3299 1773 3343 serr
1789 3279 1888 3360 predio

1125 3385 1327 3458 necessariae,
1342 3393 1376 3446 ut
1398 3385 1462 3446 illis
1476 3382 1611 3446 sublatis
1627 3381 1782 3456 prraadiurn
1795 3379 1889 3442 redda-

1122 3486 1179 3544 tur
1194 3483 1497 3560 grariterdoterius.
1521 3483 1611 3546 Unde
1631 3480 1833 3544 beneficiatus
1848 3478 1887 3538 irr-

1119 3583 1228 3646 cidere
1246 3584 1365 3647 facieus
1386 3584 1464 3646 tales
1481 3583 1612 3646 arbores
1637 3581 1783 3644 inbonis
1805 3578 1889 3642 cccle-

1120 3686 1189 3759 sire,
1206 3694 1235 3749 et
1254 3687 1285 3747 in
1304 3687 1453 3765 proprios
1477 3703 1556 3748 usus
1573 3691 1777 3756 convertens,
1791 3682 1888 3744 dicitur
1971 3707 1972 3722 ι

1120 3784 1283 3860 alienare,
1311 3796 1343 3850 et
1370 3805 1525 3850 corrsuras
1557 3795 1721 3864 extravag.
1750 3782 1832 3846 l’auli
1856 3781 1887 3852 tt,

1119 3881 1313 3958 Ambitiosa,
1345 3891 1375 3946 et
1404 3885 1548 3947 Trident.
1566 3903 1648 3948 sess.
1680 3885 1732 3955 22.
1758 3901 1822 3960 cap.
1845 3884 1887 3953 ll,

1120 3980 1269 4058 incurrit,
1296 3993 1331 4050 ut
1358 3987 1503 4050 decisum
1520 3987 1661 4050 luisses
1693 4005 1774 4050 sacr.
1796 4001 1887 4062 congr.
1970 3999 1971 4020 ι

1122 4084 1264 4147 referunt
1281 4087 1395 4150 Grrtlet.
1409 4097 1438 4149 et
1453 4087 1546 4151 alii...
1563 4088 1630 4150 Non
1643 4096 1775 4166 peccant
1790 4094 1887 4154 tarrrerr,

1122 4201 1180 4248 nec
1196 4185 1365 4248 incurrunt
1381 4187 1460 4248 tales
1477 4203 1630 4250 censuras
1665 4185 1837 4250 berrcfrciati
1853 4185 1889 4246 irr-

1121 4284 1228 4346 cidere
1246 4285 1400 4347 faciontes
1415 4285 1546 4350 arbores
1565 4284 1699 4348 inutiles
1713 4303 1749 4348 aa
1763 4283 1888 4354 nocitus,

281 4367 361 4429 tinet
378 4369 438 4431 lroe
454 4370 660 4436 interdictum
680 4376 775 4438 etiam
806 4375 844 4439 ad
863 4377 1067 4451 urrrrrasteria,
1123 4401 1154 4448 r,
1173 4401 1235 4463 gr„
1251 4385 1381 4466 quando
1395 4387 1436 4448 pp
1455 4387 1646 4450 denarrarem
1666 4393 1699 4452 er
1715 4383 1887 4448 viciniorem
1968 4457 1969 4462 ἵ

275 4467 462 4554 Βθῦνὶῑΰῑίθ,
491 4477 671 4553 wlettque
689 4475 757 4538 ioca
773 4477 824 4554 pia
852 4483 883 4538 ct
906 4476 1067 4554 religiosa,
1120 4493 1196 4548 sunt
1227 4486 1454 4566 impedimenta
1483 4485 1617 4550 aliarum
1640 4491 1826 4565 augmento,
1850 4501 1888 4543 rr.

280 4585 418 4648 quottttu
443 4570 540 4634 elilim
563 4575 647 4638 itotttt
663 4575 881 4641 ecclesiastico
904 4577 1067 4654 dicuntur,
1121 4587 1253 4667 quando
1287 4587 1357 4650 loco
1391 4605 1502 4651 earum
1543 4597 1746 4667 reponuntur
1779 4587 1887 4650 arbores

279 4669 453 4732 dummodo
472 4671 536 4736 sint
558 4677 750 4740 auctoritate
763 4678 978 4746 ecclesiastica
999 4681 1070 4745 fun·
1123 4685 1297 4764 frugiferae,
1316 4705 1373 4750 seu
1392 4688 1493 4766 nangis
1507 4688 1690 4752 fructiferae.
1967 4695 1968 4708 ¹

279 4769 351 4832 aare
371 4774 402 4832 et
428 4775 545 4847 erecta,
568 4789 672 4856 eaque
692 4773 874 4842 distrahere
891 4779 981 4842 nefas
1007 4788 1067 4844 est.
1162 4787 1217 4852 lv.
1233 4787 1277 4850 ba
1299 4787 1392 4850 rebor
1417 4807 1485 4870 pera
1500 4787 1595 4852 iibere
1616 4787 1886 4870 percontationi.

281 4867 1067 4956 (tiit.extrav.Ambitione.)diierratioaisautem
1122 4921 1160 4936 -
1184 4889 1233 4951 Ex
1261 4887 1412 4970 opposito
1441 4888 1630 4968 regulariter
1660 4885 1887 4954 trbarartteaart
1966 4941 1967 4954 ,

282 4985 399 5032 rrornerr
428 4972 673 5050 comprehendit
702 4976 945 5054 uenditionem,
969 4981 1070 5046 dona·
1123 4990 1559 5071 possuntrf·r·esecclesiaa
1587 4991 1725 5054 mobiles
1750 5007 1808 5054 non
1832 5007 1887 5067 prr·

280 5069 414 5144 tionem,
429 5073 712 5150 permutationem,
738 5076 992 5160 emphyteusim,
1022 5079 1070 5144 lo·
1123 5091 1225 5164 tioste,
1251 5098 1282 5154 et
1310 5091 1448 5154 maxime
1477 5085 1887 5172 emorraearreurrriarrrtutt'

280 5171 450 5277 rationem,
467 5178 498 5234 et
509 5175 756 5240 conductionem
786 5180 868 5244 ultra
881 5182 1069 5259 triennium,
1122 5191 1438 5274 aequoreaethere.
1457 5189 1750 5269 ambularet-it·
1764 5189 1836 5252 item
1849 5201 1887 5246 ιιι
1965 5197 1966 5202 ’

280 5269 1071 5362 pignorisconstitutionenrseunexumetbypo·
1122 5289 1201 5370 ipsae
1232 5289 1418 5355 immobiles
1447 5307 1520 5372 qum
1552 5290 1690 5364 dorraue,
1714 5295 1769 5350 aut
1798 5288 1887 5363 legata
1928 5303 1936 5336 r

282 5365 418 5443 tiresum,
435 5370 469 5432 in
486 5370 618 5437 feudum
644 5379 899 5457 concessionem,
927 5383 1070 5462 denique
1123 5394 1199 5452 sunt
1215 5387 1445 5461 ecclesiis,aut
1472 5389 1677 5452 monasteriis
1705 5387 1817 5468 quibus
1835 5400 1885 5444 rrurr
1964 5419 1965 5430 .

279 5483 405 5534 omnem
422 5474 655 5554 conditionem,
677 5496 840 5562 perquam
858 5499 909 5546 ras
925 5483 1070 5550 ecclesia
1125 5487 1198 5551 licet
1227 5487 1406 5550 immobilia
1433 5489 1611 5568 possidere,
1641 5486 1772 5550 alienati
1789 5483 1886 5548 debant

183 5608 187 5616 ·
279 5567 420 5679 ‘¹⁰J0‘i0f
447 5571 633 5640 “millium
662 5577 976 5663 (Dsstfflbt‘lt'dd-
1006 5587 1071 5650 No·
1123 5595 1154 5652 et
1174 5589 1311 5668 pretium
1330 5605 1439 5653 earum
1465 5591 1609 5653 converti
1639 5591 1670 5652 in
1686 5606 1763 5653 usus
1780 5585 1886 5648 fabrice

281 5682 367 5731 mine
393 5680 501 5736 autam
518 5673 564 5737 rei
583 5674 762 5744 immobilis
779 5682 914 5746 reniunt
937 5687 1068 5764 praedia,
1123 5692 1279 5768 acclesiae,
1303 5699 1357 5756 aut
1384 5709 1504 5754 mensae
1529 5691 1726 5756 rnorrasterii.
1751 5686 1884 5749 ..anes

282 5767 412 5846 d0ffil¹⁵r
430 5773 496 5850 ”3¹¹5
518 5783 546 5839 ³¹
565 5777 707 5856 similia,
736 5781 810 5844 item
831 5800 947 5846 census
965 5793 995 5847 et
1014 5805 1070 5852 an·
1127 5792 1310 5858 iurruolriles
1326 5793 1436 5872 exigui
1454 5793 1583 5868 valoris,
1616 5801 1666 5858 aut
1698 5789 1829 5858 inutiles,
1845 5783 1881 5844 tol
