4004 6458
115 433 163 494 tea
398 424 495 486 PARS
514 425 561 487 tv.
581 425 630 487 DE
650 411 787 486 MBUS.
805 451 841 462 ··
856 425 930 488 LlB.
951 427 1002 490 itt.
1024 427 1072 490 nit
1092 427 1192 490 totta
1214 429 1425 494 ttrttttetco
1681 433 1735 500 Μ

112 539 249 620 priuatis,
289 545 321 600 et
347 556 385 602 ex
427 541 487 600 atta
524 547 611 618 parta
654 536 805 601 facultate
831 557 903 618 quea
953 541 1095 617 batione,
1127 559 1192 606 non
1235 551 1372 622 possunt
1412 525 1552 623 amptius
1579 547 1620 610 do
1667 547 1739 625 jure

111 641 271 720 bucusque
297 639 456 720 episcopis
484 639 586 702 inerat
610 637 706 701 dandi
740 637 898 702 licentiam
949 640 1071 703 visitari
1093 642 1311 723 abepiscopo,
1330 645 1439 706 cecata
1459 643 1507 706 eis
1525 651 1629 722 potest
1653 645 1739 724 exigi

109 741 264 804 iniisdem
298 739 447 803 oratoriis
469 739 665 814 celebrandi,
691 738 896 818 jamoertnm
947 742 1141 818 procuratio,
1169 744 1246 824 quia
1267 761 1340 807 cum
1367 761 1430 806 non
1457 743 1522 807 sint
1549 745 1615 808 ioca
1650 763 1736 809 sacra

108 847 242 908 remanet
273 847 342 904 turn
361 859 399 904 ex
431 843 502 921 ipso
530 841 734 912 Tridentino,
755 848 832 930 ¹tum
856 857 893 900 ox
946 847 1000 898 aut
1021 839 1183 918 religiosa,
1206 840 1273 905 imo
1301 859 1360 905 nec
1376 841 1438 920 pia,
1459 851 1492 905 ut
1520 844 1648 907 censuit
1674 846 1740 906 Ab·

107 941 270 1025 pontificiis
286 943 558 1006 contitutionibus
580 939 660 1003 auiti
677 940 745 1002 siva
758 938 893 1019 regniaci
946 937 1041 1000 bas...
1060 949 1091 1003 et
1114 958 1186 1004 cum
1212 959 1251 1007 eu
1281 945 1413 1008 multi...
1441 944 1505 1023 Jam
1523 962 1585 1007 non
1615 946 1739 1010 ridetur

106 1047 168 1108 siae
197 1044 343 1106 saeculari
374 1044 409 1106 id
438 1044 535 1106 tiuare
573 1043 668 1105 etiam
706 1041 892 1105 auctoritate
945 1043 1422 1123 exqueeapiteepiscopornm
1449 1046 1626 1108 visitationi
1664 1045 1740 1110 suba

107 1145 293 1225 episcopati,
327 1145 473 1226 adeoque
521 1143 744 1208 auctoritatem
786 1143 891 1221 ponti·
940 1137 1075 1215 jaceant.
1094 1141 1137 1204 ita
1155 1143 1245 1205 anniti
1263 1145 1346 1223 apud
1364 1144 1738 1219 Ferraris,terb.0roto·

105 1241 317 1308 ficisomnino
348 1244 467 1323 requiri
508 1241 644 1305 adhano
684 1239 888 1304 licentiam.»
942 1245 1038 1313 raum,
1061 1258 1095 1306 n.
1121 1245 1172 1318 25,
1204 1245 1544 1323 repensantes
1578 1247 1734 1315 occetano,

104 1335 203 1426 [inst.
220 1342 293 1423 jar.
316 1361 427 1403 cocao.
448 1349 568 1404 auctor.
593 1341 627 1402 tt.
657 1340 697 1398 da
721 1339 763 1400 tt.
797 1345 818 1398 t.
848 1336 889 1408 ii,
937 1339 1049 1419 juncto
1078 1359 1145 1423 oap.
1164 1344 1247 1420 ΞΜ
1275 1345 1400 1414 Deinde.
1426 1346 1497 1408 eod.
1524 1332 1573 1406 ttt'.
1589 1347 1622 1406 in
1646 1347 1677 1407 6.
1695 1346 1733 1411 tta

104 1437 887 1524 p.181.)-1m0tenenturepiscopiidimpedire,
942 1437 1026 1499 idem
1059 1447 1181 1513 auctor,
1208 1458 1240 1502 n.
1269 1441 1320 1515 28,
1349 1441 1437 1503 addit
1455 1461 1497 1503 a«
1526 1443 1645 1504 Tamen
1662 1441 1734 1503 ticet

103 1544 151 1606 ubi
170 1559 232 1604 non
251 1551 301 1604 est
318 1541 445 1604 licentia
463 1541 636 1619 pontificia,
653 1555 726 1601 nam
744 1535 886 1615 praecipit
942 1539 1112 1619 episcopus
1129 1557 1193 1602 non
1218 1543 1318 1620 possit
1350 1549 1499 1620 tanquam
1519 1542 1664 1605 visitator
1694 1543 1732 1604 ad

104 1650 201 1706 sancta
218 1645 367 1723 synodus
384 1663 423 1706 cc
440 1643 608 1724 potiantur
633 1641 768 1719 privatio
785 1638 818 1698 in
833 1638 890 1699 do·
941 1637 1023 1700 dicta
1064 1639 1199 1702 oratoria
1216 1641 1336 1720 privata
1352 1641 1514 1731 accedere,
1542 1644 1735 1720 permissum

102 1745 246 1809 atibus...
280 1747 413 1810 missam
457 1746 629 1809 celebrare.
676 1740 889 1833 confirmatur
941 1739 1034 1801 estei
1060 1740 1273 1803 nihilominus
1303 1741 1574 1821 sidereisaitetn
1605 1739 1734 1821 quando

104 1847 206 1910 moitis
229 1845 504 1912 declarationibus
523 1863 603 1906 sacr.
627 1859 736 1921 congr.
764 1839 887 1902 Condit.
942 1842 1090 1920 procedit
1128 1841 1310 1920 recusatio,
1350 1843 1399 1907 aei
1437 1844 1640 1919 denuntatio‚
1680 1849 1735 1906 aut

103 1947 290 2026 interpretis,
317 1953 349 2009 et
365 1955 526 2028 postremo
543 1944 737 2008 291aouarii
754 1941 832 2004 18tt
850 1940 887 2003 ad
940 1941 1022 2005 sama
1055 1943 1193 2022 publica,
1222 1943 1308 2024 quod
1338 1945 1512 2007 oratorium
1550 1944 1735 2008 indecenter

105 2048 285 2124 episcopum
299 2046 600 2117 Macedoniensem,
614 2043 646 2106 iu
659 2059 721 2122 qua
738 2055 889 2119 expressa
939 2046 1096 2119 teneatur,
1112 2051 1142 2107 et
1157 2045 1189 2106 in
1207 2046 1277 2123 ipso
1297 2061 1361 2111 non
1380 2045 1485 2108 adsint
1513 2061 1571 2108 scu
1591 2049 1654 2107 non
1673 2061 1736 2106 sar·

104 2147 227 2211 tacetur
255 2167 271 2204 a
295 2163 363 2209 non
390 2146 485 2208 licere
502 2145 559 2208 uiti
584 2144 737 2224 episcopo
773 2142 887 2220 iastius·
940 2150 1055 2206 centur
1088 2145 1240 2224 requisita
1279 2145 1488 2224 inindutto),
1530 2161 1569 2207 an
1620 2162 1730 2208 revoca

102 2247 178 2311 modi
195 2246 358 2321 ticeatias,
371 2263 568 2326 quocunque
587 2250 648 2307 suta
664 2246 798 2307 obtentu
814 2259 889 2306 con·
940 2241 1132 2306 indecenter
1156 2249 1319 2319 tencatur,
1336 2250 1366 2306 et
1383 2259 1446 2305 aon
1465 2250 1636 2307 serventur
1649 2243 1733 2306 dicta

102 2343 215 2418 aedera,
228 2359 268 2404 ne
282 2359 341 2420 pro
356 2351 426 2405 actu
437 2342 567 2420 quidem
583 2359 669 2404 mere
686 2347 885 2404 transeunte.

102 2441 182 2505 iiaae
214 2441 400 2505 facultate-m
424 2459 496 2505 essa
517 2441 576 2504 soii
606 2443 754 2504 Roaraao
780 2441 887 2521 posti-

102 2545 146 2608 tici
171 2554 379 2620 reservatam,
404 2547 507 2608 eidem
533 2531 683 2624 episcopo
705 2544 888 2627 (Menesta-

103 2648 200 2726 riensi)
212 2647 338 2710 litteras
368 2666 448 2712 sacr.
465 2664 601 2726 congre
619 2647 716 2711 Panto
733 2649 757 2710 V
775 2665 888 2728 appro.

103 2743 179 2807 betas
194 2746 402 2826 expediri3et
417 2747 521 2826 quoad
538 2745 703 2811 iacrritatas
720 2747 888 2830 hucusque

103 2845 170 2907 atius
186 2863 280 2925 quam
298 2864 316 2909 a
331 2848 423 2910 Rom.
445 2845 593 2925 pontifice
607 2862 788 2922 concessas,
809 2863 887 2908 coa·

104 2945 260 3008 sciendum
278 2946 487 3008 sanctissimo
507 2963 561 3024 pro
581 2964 688 3008 earnm
709 2946 884 3008 sanctione.

103 3045 318 3108 sanctissimus
347 3045 576 3110 resolutionem
615 3063 696 3108 sacr.
722 3063 833 3124 eorrgr.
853 3047 885 3107 in

104 3145 885 3226 onnttrusoenignaapprobantes-anuescente.-

105 3247 163 3308 imo
179 3247 322 3328 episcopi
337 3267 441 3328 aeque
453 3255 587 3326 possunt
603 3247 777 3310 concedere
790 3246 888 3308 ticen-

104 3348 169 3409 tiam
189 3348 273 3410 atomi
299 3348 886 3427 celebrandi,utinitrmusproviatico

104 3451 363 3514 communicetur.
382 3451 745 3529 stcerpressenagusn.
762 3453 880 3531 capta

103 3549 245 3624 tiaeque
257 3549 409 3632 prioitep.
425 3567 456 3615 n.
472 3551 522 3626 13,
536 3551 589 3615 ubi
604 3551 697 3614 reiert
723 3553 770 3616 sic
782 3553 885 3617 decia·

106 3669 180 3714 rasse
191 3669 311 3716 sacram
326 3651 603 3732 congregationem
621 3653 766 3722 ctanettti.

137 3755 370 3818 «inanitatem
401 3755 582 3818 celebrandi
612 3771 645 3816 tn
675 3755 873 3833 privatarum

940 2345 1104 2424 requisita.
1128 2346 1219 2408 Tunc
1233 2343 1319 2406 enim
1340 2349 1444 2420 potest
1474 2343 1645 2423 episcopus
1660 2359 1734 2424 pro·

939 2443 1052 2508 cedere
1082 2461 1180 2524 super
1207 2445 1341 2509 crimine
1360 2444 1394 2507 in
1408 2445 1635 2524 judicio'actu
1658 2445 1734 2507 risi·

942 2547 1084 2622 tationis,
1115 2549 1163 2610 rei
1204 2549 1481 2622 denuntiationis,
1510 2556 1564 2610 aut
1594 2548 1734 2629 inquisi-

940 2643 1050 2720 tionis,
1072 2650 1248 2712 eecundum
1275 2667 1310 2712 ea
1329 2666 1402 2730 quaa
1429 2649 1631 2728 tegunturin
1663 2666 1732 2730 cap.

938 2745 1083 2824 Qualiter
1098 2760 1126 2812 et
1142 2749 1266 2830 quoodo
1279 2749 1332 2825 2'a,
1348 2751 1390 2810 Dc
1410 2750 1703 2813 accusationibus.»

978 2850 1185 2928 Priaitegiuao
1199 2851 1331 2913 oratorii
1344 2851 1459 2929 privati
1478 2851 1583 2922 durat,
1600 2855 1734 2914 duranto
1811 2923 1823 2946 ·

939 2948 1002 3010 vita
1029 2948 1117 3010 ittius
1147 2949 1199 3012 cui
1236 2950 1315 3012 t'acta
1344 2959 1393 3014 est
1425 2952 1606 3027 concessio,
1631 2969 1735 3031 eoquo

938 3049 1199 3124 taortuo,tinitur
1213 3065 1272 3113 nec
1292 3051 1404 3113 transit
1420 3051 1457 3114 ad
1476 3051 1628 3123 haeredes,
1647 3052 1722 3130 quia

937 3151 986 3206 est
998 3143 1199 3223 privilegium
1216 3145 1394 3224 personate,
1409 3149 1493 3227 quod
1507 3148 1617 3222 ¹tinitur
1635 3155 1736 3212 morta

937 3261 1083 3322 persone
1108 3245 1325 3324 privitagiatoe.
1342 3246 1395 3327 (G.
1441 3247 1664 3327 Prioiicqium,
1694 3246 1736 3307 Da

936 3344 1060 3421 repetis
1080 3345 1154 3426 jar.
1184 3345 1217 3407 in
1250 3346 1281 3408 6.
1306 3344 1356 3425 )-
1375 3347 1443 3409 Non
1472 3353 1576 3426 potest
1602 3345 1735 3409 indicto

936 3445 1075 3507 oratorio
1120 3445 1276 3508 celebrari
1312 3445 1374 3508 nisi
1414 3445 1509 3509 unica
1539 3448 1636 3509 missa
1676 3465 1734 3525 pro

935 3545 1081 3626 quotibet
1107 3545 1172 3618 dic,
1204 3564 1245 3610 ex
1261 3547 1390 3610 decreto
1413 3545 1570 3610 ctemect.
1590 3548 1635 3610 Xl
1662 3548 1753 3618 cit.,'

935 3645 991 3708 ubi
1007 3645 1155 3724 prohibet
1168 3647 1319 3709 omnibus
1343 3647 1576 3718 sacerdotibus,
1593 3655 1623 3709 et
1636 3647 1731 3709 etiam

936 3747 1109 3827 episcopis,
1127 3762 1167 3810 ne
1183 3746 1227 3809 ibi
1244 3746 1418 3822 cetebreot,
1435 3755 1605 3828 postquam
1633 3745 1734 3811 inerit

104 3853 255 3918 donorum
283 3855 495 3930 oratoriisatr
511 3854 682 3934 apostatica
698 3857 878 3919 sedeciae·
931 3845 997 3924 iam
1027 3846 1184 3909 eetenrata
1214 3845 1268 3908 itta
1284 3846 1377 3910 unica
1397 3847 1505 3917 missa.
1530 3861 1602 3925 qua
1631 3846 1662 3907 iu
1682 3845 1731 3908 in·

106 3961 223 4031 natam,
252 3955 425 4036 episcopus
456 3955 611 4032 impedire
645 3971 708 4016 nau
745 3962 876 4034 potest,
936 3947 1027 4010 datto
1064 3948 1261 4022 conceditur,
1288 3956 1319 4012 et
1346 3948 1464 4028 obligat
1493 3947 1731 4011 celebraturum

104 4069 202 4115 aerum
213 4054 433 4134 oratoriaipsa
448 4055 578 4118 visitare
589 4053 693 4130 debat,
721 4063 757 4118 ut
776 4056 883 4120 videat
935 4039 1108 4125 diiigenter
1123 4047 1289 4128 inquirere
1306 4057 1338 4110 et
1356 4065 1392 4110 se
1427 4055 1608 4126 opportuna
1634 4047 1733 4110 infor·

104 4153 126 4214 si
137 4155 251 4218 decenti
281 4157 351 4218 ioco
392 4161 572 4233 ornatuque
601 4153 775 4218 sinaitam
805 4171 879 4218 cor·
935 4163 1035 4220 mare,
1051 4147 1167 4227 witin
1182 4147 1226 4209 ibt
1243 4147 1403 4212 celebrata
1420 4148 1516 4210 fuerit
1531 4149 1616 4212 dicta
1639 4151 1733 4212 unica

105 4253 194 4330 rigare
215 4254 374 4336 quidquid
417 4253 643 4330 corrigendum
672 4255 883 4318 invenerit.»
936 4249 1058 4322 missu;
1086 4248 1171 4310 unde
1196 4253 1258 4310 tam
1290 4248 1544 4324 celebrans,vei
1573 4249 1734 4312 celebrare

105 4342 295 4421 indicated
325 4354 487 4418 decretum
512 4353 723 4416 Tridentlto
761 4352 881 4418 obsera.
934 4348 1055 4413 iaciens
1083 4348 1116 4410 in
1144 4348 1230 4413 dicto
1258 4351 1400 4412 oraturio
1431 4349 1562 4413 atteram
1583 4349 1729 4424 missam,
1807 4419 1809 4424 ,

104 4452 334 4536 catenatione.)
360 4454 642 4517 -aordinarius
671 4453 883 4518 adinveniens
934 4459 967 4515 et
997 4451 1114 4528 ptores,
1139 4450 1468 4529 peccatauortaiiter;
1506 4453 1582 4528 quia
1625 4449 1726 4512 delia·

103 4557 262 4622 oratorium
284 4557 636 4637 praedictumomnibus
655 4555 823 4635 requisitis
849 4555 880 4618 ia
934 4549 1010 4629 quit
1046 4548 1079 4610 in
1106 4566 1139 4611 re
1155 4549 1242 4626 gravi
1271 4557 1379 4612 contra
1398 4565 1582 4629 expressam
1613 4545 1732 4610 summi

104 4653 226 4731 indulto,
255 4663 385 4719 tenetur
416 4655 679 4736 approbationem
720 4661 750 4718 et
779 4655 881 4718 ticen-
934 4649 1091 4731 pontificis
1126 4649 1621 4733 inhibitionem.(Communis;
1647 4651 1733 4729 apud

107 4755 170 4818 tiam
210 4759 420 4833 concedere,
449 4757 526 4836 quia
566 4773 629 4818 non
663 4757 758 4820 itabat
789 4766 881 4836 pote·
932 4757 1076 4818 Fannia.
1111 4755 1198 4816 verb.
1215 4753 1416 4828 oratoriam,
1443 4773 1475 4816 n.
1493 4751 1565 4834 33.)
1598 4754 1732 4816 -Sota

104 4862 202 4920 statem
226 4859 385 4923 limitandi
412 4855 774 4921 concessionessummi
805 4873 883 4937 pom
933 4853 1562 4937 personaprivilegiataejusqueinmitia
1578 4855 1732 4928 membra,
1849 4852 1850 4855 ’

104 4955 199 5037 titius,
231 4969 263 5026 et
288 4962 316 5024 si
350 4959 470 5040 injuste
505 4957 656 5036 deneget,
695 4959 742 5022 vei
775 4960 877 5024 semet
933 4963 965 5020 et
983 4955 1126 5034 hospites
1151 4955 1290 5028 nobiles,
1315 4971 1381 5018 noa
1416 4962 1523 5019 autem
1550 4954 1663 5017 iamuti
1700 4963 1731 5020 at

104 5073 273 5127 concessam
305 5063 376 5126 siae
403 5062 488 5142 iusta
521 5077 618 5123 causa
647 5068 789 5135 revocet,
818 5079 875 5142 po·
932 5055 1062 5135 saraciae
1088 5062 1223 5134 possunt
1243 5054 1428 5118 satisfacere
1471 5062 1631 5134 precepto
1673 5074 1734 5117 au·

105 5161 158 5220 test
183 5163 250 5242 cogi
276 5162 315 5224 ab
342 5158 586 5239 archiepiscopo
615 5163 647 5221 et
671 5156 744 5218 aliis
778 5174 878 5236 supe·
931 5152 1731 5234 diendimissamindictooratorio.(Fsaaan.it›id.

105 5258 242 5338 rioribus,
262 5270 297 5326 ut
312 5276 381 5326 eam
397 5259 562 5326 concedat.
579 5256 791 5336 (Communis.
806 5259 816 5337 t
834 5259 879 5320 iix
931 5273 965 5319 n.
981 5255 1019 5317 ot
1039 5262 1070 5314 et
1084 5271 1174 5334 seqq.
1188 5253 1285 5335 )-Ex
1303 5255 1465 5334 encyclica
1481 5256 1646 5318 Benedict.
1658 5254 1733 5316 Xtv

104 5355 176 5431 justa
193 5367 294 5427 tamen
307 5379 415 5437 cause,
443 5367 479 5422 ut
494 5359 521 5421 si
543 5358 692 5422 deficiant
710 5357 879 5438 requisita,
930 5355 1033 5419 dian.
1049 5355 1124 5418 1751
1139 5351 1177 5416 ad
1195 5353 1645 5432 primat.,etc.,t²ctontaanon
1657 5369 1730 5432 pos·

105 5466 198 5533 potest
224 5481 292 5528 eam
317 5479 383 5528 non
417 5459 603 5535 concedere,
636 5467 668 5522 et
695 5475 880 5522 concessam
932 5463 1010 5521 sunt
1027 5457 1058 5517 in
1075 5456 1223 5517 oratoriis
1245 5455 1375 5535 privatis
1390 5455 1605 5519 administrari
1621 5472 1725 5518 saura·

108 5571 252 5638 revocare,
267 5565 371 5627 donee
385 5561 561 5624 oratorium
577 5559 617 5621 sit
645 5560 799 5622 decenter
832 5558 882 5619 in·
934 5569 1040 5621 menta
1062 5555 1258 5636 peanitentiae
1273 5562 1304 5618 et
1318 5555 1528 5620 Eucharistiae
1553 5555 1626 5619 sine
1657 5557 1731 5637 epi·

108 5665 246 5728 structum
288 5663 440 5728 omnibus
467 5662 502 5723 in
542 5655 669 5724 induite
695 5658 879 5741 requisitis.
931 5655 1020 5734 scopi
1051 5653 1099 5716 vet
1130 5653 1506 5733 eiustieariigeneratis
1533 5654 1671 5719 licentia.
1695 5687 1734 5703 -·

108 5755 345 5849 (Communis.)
361 5797 398 5812 -
417 5765 552 5828 l’ritata
568 5761 707 5826 oratoria
727 5768 799 5843 post
817 5761 881 5841 pri·
930 5754 1049 5834 Nequit
1078 5753 1109 5814 ia
1128 5752 1225 5816 dictis
1244 5753 1394 5816 oratoriis
1412 5756 1566 5819 cctebrari
1581 5756 1680 5820 atissa
1696 5758 1729 5818 iu

107 5873 176 5924 nam
192 5867 404 5934 visitationem
431 5865 686 5933 inconcussique
711 5871 873 5944 otappro·
933 5859 1051 5921 diebus
1092 5854 1267 5932 Peccantis,
1303 5856 1570 5926 Resurrectioais.
1614 5859 1732 5923 Ponta-
