4046 6460
267 359 319 426 stt

267 470 364 532 modo
381 465 602 546 predictarum
617 464 806 528 monialium
824 473 855 528 et
872 464 1051 545 puellarum

267 564 528 631 confessionibus
543 564 694 644 suspensi
711 564 796 625 sinti

308 689 324 722 a
344 666 380 728 Υ.
405 667 455 726 An
488 664 568 725 tales
613 663 791 741 presbyteri
822 661 868 724 sic
900 663 1053 742 suspensi

268 765 307 828 ab
321 761 491 826 audiendis
509 759 779 832 confessionibus,
807 766 837 820 et
866 767 971 822 tamen
1000 775 1053 822 eas

268 863 381 926 audire
399 865 580 938 pergentes,
601 873 756 918 censuras
782 864 893 919 contra
909 857 1052 936 jurisdi-

269 961 408 1022 ctionem
426 955 675 1020 ecclesiasticam
706 966 897 1034 usurpantes
935 974 952 1018 a
979 954 1053 1035 Jure

267 1058 344 1124 latas
360 1061 526 1121 incurrant
541 1059 556 1116 i

307 1161 361 1220 vt.
387 1162 449 1232 dn,
480 1166 514 1220 ut
539 1157 678 1232 videtur,
707 1156 837 1220 attentis
861 1157 1051 1219 monialium

165 1273 170 1278 “
267 1259 441 1323 Galliarum
455 1266 651 1337 paupertate,
664 1257 986 1338 presbyterorumque
1000 1275 1056 1336 per

267 1361 373 1432 nuria,
407 1359 517 1420 vicarii
543 1359 708 1439 generales
747 1367 777 1422 et
802 1359 930 1436 parochi
973 1376 1053 1421 con·

268 1459 428 1519 sessiones
456 1457 659 1532 monialium,
691 1475 764 1537 quae
790 1467 862 1520 vota
894 1458 1054 1520 solemnia

268 1575 335 1620 non
351 1557 482 1630 habent,
497 1557 611 1618 audire
632 1557 718 1618 licite
734 1565 764 1618 et
783 1559 887 1620 valide
907 1557 1054 1636 possint?

309 1675 326 1712 a
348 1657 414 1716 vlt.
444 1657 508 1731 dn,
525 1655 610 1718 sicut
624 1656 788 1735 probabile
803 1667 943 1736 spiraret,
962 1659 1054 1737 juxta

269 1756 444 1819 Galliarum
460 1757 742 1830 consuetudinem,
757 1759 920 1836 regulares
937 1759 1054 1822 iisdem

270 1872 334 1917 non
352 1855 479 1934 proprie
497 1857 590 1918 dictis
608 1856 803 1919 monialibus
821 1859 972 1921 exercitia
988 1861 1055 1939 spi·

271 1953 401 2016 ritualia
429 1955 650 2032 praedicantes,
676 1960 860 2020 earumdem
880 1959 1056 2022 confessio·

270 2071 328 2116 nes
344 2054 456 2117 audire
470 2054 606 2138 possint,
620 2074 676 2136 per
692 2064 819 2136 tempus
832 2057 944 2120 saltem
964 2075 1055 2121 exer·

270 2151 445 2214 citiorum?

310 2274 325 2310 a
345 2255 499 2318 Praeterea
518 2255 684 2336 presbyter
699 2260 738 2320 N.
757 2275 812 2319 sex
830 2257 947 2321 abhinc
961 2261 1054 2322 annis

270 2352 454 2430 capellanus
475 2364 507 2418 et
525 2351 741 2418 confessarius
776 2359 966 2420 monialium
989 2361 1055 2421 NN.

270 2459 301 2513 et
316 2453 498 2531 puellarum
519 2455 684 2518 abiisdem
701 2457 895 2520 monialibus
915 2459 1056 2519 educan-

270 2556 396 2626 darum,
417 2555 450 2615 in
472 2553 601 2616 civitate
625 2556 662 2616 N.
686 2556 837 2618 dimcesis
861 2555 1055 2631 Briocensis,

271 2652 350 2716 item
366 2653 586 2716 confessarius
608 2655 781 2718 mulierum
805 2655 1006 2718 saecularium
1026 2663 1057 2716 et

271 2751 451 2831 puellarum
475 2752 689 2831 orphanorum
707 2755 741 2816 in
758 2756 853 2816 domo
869 2757 907 2817 N.
927 2771 1055 2816 nuncu·

272 2859 342 2926 pata
356 2848 496 2912 simulet
511 2851 767 2912 conventualiter
777 2851 1057 2927 commorantium,

272 2947 436 3012 licentiam
462 2950 500 3012 ad
525 2950 703 3012 triennium
728 2948 952 3013 consessiones
977 2968 1057 3028 prm-

272 3051 429 3112 diotarum
439 3049 642 3122 monialium,
656 3051 828 3113 mulierum
838 3059 868 3112 et
878 3051 1059 3129 puellarum

273 3149 441 3225 audiendi,
468 3166 580 3213 asacr.
596 3167 708 3231 congr.
729 3151 912 3214 humillima
936 3151 1061 3232 suppli·

273 3255 374 3312 catur.

291 3381 295 3390 ·
314 3369 331 3405 a
349 3349 385 3409 Et
403 3353 561 3428 quatenus
585 3348 688 3412 isdem
720 3351 888 3431 presbyter
908 3367 1061 3416 censuras

277 3446 464 3522 incurrerit,
480 3447 567 3528 quod
581 3455 698 3522 tamen,
715 3450 793 3529 quia
809 3451 912 3531 legem
926 3453 1059 3533 ignora·

276 3547 343 3623 bat,
377 3548 540 3628 probabile
565 3565 629 3610 non
654 3555 713 3622 est,
737 3551 928 3629 suppliciter
964 3569 1062 3631 expo·

275 3647 373 3708 stulat
387 3663 422 3708 sa
445 3663 463 3710 a
485 3648 687 3710 sanctissimo
716 3649 863 3727 pontilice
877 3651 989 3713 saltam
1021 3651 1061 3713 ad

276 3746 432 3810 cautelam
447 3746 584 3810 absolvi.

316 3869 331 3905 a
354 3847 478 3910 Placeat
499 3847 609 3930 itaque
637 3849 832 3912 Eminentiis
860 3849 983 3929 Vestris
1004 3867 1063 3913 su·

276 3947 418 4026 pradicta
439 3946 538 4008 dubia
562 3946 729 4022 dirimere,
762 3947 924 4010 licentiam
946 3965 1063 4012 conce-

277 4049 367 4120 dere,
390 4053 420 4106 et
442 4052 603 4124 quatenus
625 4047 808 4109 necessaria
823 4047 865 4108 sit
885 4047 1065 4112 absolutio-

179 4223 182 4230 Δ
278 4161 351 4206 nem
366 4145 574 4207 acensurisa
595 4144 800 4208 sanctissimo
820 4147 972 4225 pontifice
1008 4147 1065 4208 ob·

277 4243 393 4305 tinere.

321 4363 337 4399 a
364 4343 550 4404 vestrarum
576 4341 832 4405 Eminentiarum
862 4342 1065 4408 humillimus

277 4447 309 4502 et
322 4440 628 4503 observantissimus
643 4458 769 4504 servus.

320 4581 342 4624 a
356 4566 414 4630 Die
431 4567 469 4628 tu
485 4565 631 4630 ianuarii
647 4567 725 4629 taso
738 4566 772 4630 in
786 4567 916 4632 civitate
932 4571 970 4633 N.
983 4569 1065 4633 dim·

277 4665 360 4728 cesis
379 4666 574 4729 Brincensis.

579 4807 596 4844 a
613 4788 648 4849 F.
665 4789 698 4849 L.
718 4788 760 4850 Μ.
777 4789 937 4851 Macrian.
956 4809 970 4844 a

317 4945 379 5005 Pro
405 4941 608 5021 gravissimis
639 4960 715 5006 sane
743 4943 941 5020 rationibus,
961 4943 1066 5006 noluit

708 331 711 336 ’
778 357 891 418 anuas
908 355 1086 420 canonici
1104 355 1367 419 concanbium.

1838 358 1896 424 232

1104 464 1282 542 indultum,
1302 480 1441 544 quorum
1464 463 1686 529 authenticum
1710 483 1809 546 penes
1841 485 1894 529 me

1103 565 1216 640 babeo,
1233 565 1366 628 inerunt
1382 565 1505 627 tenoris
1524 567 1703 645 sequentis,
1719 567 1811 630 valde
1830 582 1896 629 no·

1103 665 1207 728 tandae
1220 683 1229 740 ;

1242 823 1257 857 a
1282 801 1472 864 beatissime
1486 805 1590 877 Pater,

1144 945 1158 980 a
1176 923 1222 984 Ad
1241 925 1339 1002 pedes
1352 924 1534 985 sanctitatis
1558 925 1678 985 Vestra
1693 923 1846 985 sacerdos
1859 925 1898 985 N.

1103 1023 1319 1086 confessarius
1335 1024 1519 1084 ordinarius
1537 1039 1684 1085 sororum
1707 1023 1775 1084 NN.
1788 1024 1820 1084 in
1837 1037 1900 1102 cp-

1103 1120 1179 1200 pido
1190 1119 1380 1184 N.dimcesis
1390 1119 1570 1180 Briocensis
1583 1119 1761 1182 Galliarum
1776 1118 1899 1180 humil·

1103 1220 1179 1285 lime
1191 1221 1415 1300 exptonitquod
1426 1220 1709 1296 ipseabillnstr.et
1723 1222 1898 1283 reverend.

1108 1323 1262 1402 episcopo
1282 1323 1487 1385 confirmatus
1510 1320 1572 1382 fuit
1595 1321 1628 1382 in
1651 1320 1738 1381 dicto
1760 1337 1899 1382 munera

1103 1422 1185 1484 ultra
1195 1421 1385 1494 triennium,
1401 1419 1510 1483 forsan
1530 1437 1570 1482 ex
1585 1419 1767 1498 ignorantia
1784 1421 1896 1479 decre-

1104 1527 1220 1592 torum,
1242 1536 1314 1597 quae
1332 1517 1364 1578 id
1380 1523 1668 1580 reservantsanctoe
1683 1515 1752 1576 sedi
1769 1525 1901 1592 aposto·

1103 1618 1185 1680 licre.
1202 1619 1307 1691 Quare
1330 1625 1437 1679 orator
1450 1614 1633 1678 humillime
1653 1613 1794 1692 supplex
1808 1615 1900 1674 adest

1104 1716 1308 1796 probenigua
1322 1717 1499 1788 sanatione,
1512 1714 1719 1777 absolutione
1735 1722 1767 1774 ct
1778 1714 1899 1775 coustr-

1105 1819 1245 1880 matione
1279 1818 1317 1878 ad
1333 1817 1421 1879 aliud
1440 1817 1617 1879 triennium
1650 1833 1713 1877 non
1732 1815 1840 1876 solum
1868 1814 1899 1875 in

1104 1917 1252 1997 praedicta
1266 1917 1361 1978 domo
1373 1932 1520 1977 sororum
1536 1916 1586 1990 N.,
1602 1913 1658 1975 sed
1671 1913 1767 1974 etiam
1785 1915 1817 1974 in
1838 1914 1902 1974 alio

1104 2016 1346 2080 conservatoria
1377 2015 1588 2096 N.,ejnsdcm
1619 2013 1752 2092 oppidi,
1773 2014 1807 2074 in
1837 2029 1901 2090 quo

1105 2118 1224 2196 pariter
1242 2135 1299 2178 sex
1321 2115 1545 2177 abitincannis
1568 2131 1686 2176 munus
1710 2111 1900 2174 confessarii

1105 2218 1261 2281 ordinarii
1278 2224 1417 2280 exercet.
1430 2215 1523 2289 Quod
1537 2217 1661 2286 Densa
1679 2223 1739 2274 etc.

1146 2319 1322 2380 indultum.
1338 2340 1401 2375 -a
1418 2317 1466 2378 Ex
1481 2314 1647 2376 audientia
1670 2315 1723 2374 Sa'.
1738 2313 1848 2374 babitu
1865 2313 1903 2372 ab

1105 2416 1188 2499 inira
1204 2417 1334 2478 domino
1347 2415 1520 2478 secretario
1540 2430 1620 2475 sacr.
1641 2429 1733 2490 cong.
1745 2411 1855 2489 Episc.
1873 2419 1903 2472 et

1105 2516 1220 2596 Regni.
1238 2517 1300 2579 sub
1317 2517 1401 2578 dicii
1419 2515 1494 2578 maii
1511 2516 1597 2577 1859.
1609 2549 1647 2558 -
1663 2513 1822 2576 Sanctitas
1846 2531 1903 2575 sua

1106 2618 1245 2696 benigne
1262 2619 1376 2680 annuit
1396 2633 1452 2694 pro
1466 2615 1562 2696 petita
1579 2615 1900 2682 absolutionesana·

1106 2718 1193 2780 tione
1211 2723 1241 2779 et
1259 2715 1594 2794 confirmationejuxta
1609 2732 1729 2794 preces,
1741 2721 1903 2791 quatenus

1107 2823 1213 2877 orator
1245 2814 1284 2876 ab
1323 2813 1488 2876 ordinario
1515 2815 1678 2876 briocens.
1708 2815 1741 2872 in
1773 2810 1902 2888 praelato

1108 2931 1242 2978 munere
1258 2915 1462 2977 confirmatus
1478 2913 1630 2976 fueritve!
1649 2915 1870 2976 confirmetur.
1887 2933 1902 2969 s

1148 3036 1231 3098 Loco
1256 3041 1277 3114 †
1299 3035 1417 3116 stpttlt.
1444 3058 1459 3094 a
1485 3038 1628 3101 Gaaarut
1652 3037 1784 3102 Cardin.
1816 3036 1903 3099 Desit

1109 3135 1410 3216 Gcneaproefectca.
1431 3157 1446 3192 a

1149 3262 1199 3322 Ex
1210 3258 1427 3337 suprascripto
1444 3259 1599 3338 rescripto
1615 3260 1815 3340 liquatquod
1832 3257 1903 3321 Gal·

1110 3361 1228 3423 liarum
1246 3361 1450 3423 consuetudo
1472 3360 1616 3441 legitime
1636 3359 1821 3437 prescripta
1840 3360 1901 3419 iio·

1111 3477 1170 3524 maa
1191 3476 1255 3522 nou
1274 3460 1434 3533 videatur,
1458 3476 1530 3521 cum
1553 3474 1635 3536 opus
1658 3455 1757 3518 luerit
1774 3454 1902 3517 absolu·

1112 3563 1196 3623 tione
1218 3560 1318 3622 invita
1343 3558 1524 3637 ignorantia
1539 3557 1620 3636 legis
1635 3557 1787 3636 allegata,
1807 3574 1901 3616 succ·

1112 3663 1196 3724 tione
1225 3676 1281 3738 pro
1310 3659 1488 3738 preterito,
1518 3664 1549 3719 et
1577 3657 1813 3736 confirmatione
1848 3673 1902 3735 pro

1111 3763 1234 3825 intuto.
1246 3760 1336 3823 Unde
1353 3760 1531 3823 necessaria
1546 3761 1673 3822 videtur
1688 3759 1902 3822 sanctmsedis

1113 3862 1242 3924 licentia
1257 3859 1462 3924 confessariis
1476 3860 1679 3930 monialium,
1694 3861 1818 3938 piarum
1835 3877 1904 3921 mu·

1113 3959 1229 4023 lierum
1245 3967 1276 4022 et
1293 3960 1471 4039 puellarum
1488 3959 1520 4021 in
1534 3957 1903 4038 conservatoriodegen·

1114 4060 1193 4121 tium
1231 4059 1269 4122 ad
1304 4058 1491 4121 earumdem
1529 4058 1752 4121 confessiones
1797 4057 1903 4119 aalide

1114 4155 1292 4220 audiendas
1313 4158 1396 4219 ultra
1414 4158 1553 4235 primum
1570 4155 1760 4218 triennium.
1777 4155 1816 4216 Et
1831 4171 1905 4218 con·

1114 4264 1289 4337 sequenter
1306 4275 1438 4320 necesse
1454 4266 1502 4318 est
1516 4255 1612 4318 etiam
1628 4261 1663 4316 ut
1675 4256 1760 4317 idem
1776 4255 1904 4317 contes-

1114 4361 1219 4419 sarius
1231 4357 1271 4419 de
1286 4373 1371 4420 noro
1388 4358 1427 4420 ab
1439 4356 1555 4418 iisdem
1571 4355 1721 4435 eligatur,
1734 4360 1770 4416 ut
1781 4355 1904 4418 dictum

1115 4467 1288 4534 estsupra.

1155 4559 1343 4619 vlit-tte
1358 4555 1615 4620 emtrcordt'nuric
1636 4560 1821 4622 monialium
1836 4577 1906 4622 cona

1115 4661 1286 4739 frasam.-
1311 4659 1455 4720 «Praeter
1469 4658 1669 4720 ordinarium
1693 4668 1803 4722 autem
1828 4677 1904 4722 con·

1115 4756 1271 4820 sessorem
1284 4758 1367 4820 alius
1381 4757 1700 4822 ert'raordinariusab
1711 4761 1866 4839 episcopo
1875 4766 1904 4820 et

1116 4857 1192 4919 aliis
1214 4858 1441 4934 superioribus
1457 4857 1519 4933 bis,
1532 4865 1585 4919 aut
1603 4867 1650 4920 ter
1665 4859 1698 4920 in
1715 4876 1801 4922 anno
1825 4861 1903 4920 oile-

1117 4965 1216 5019 ratur.
1236 4956 1401 5036 ettonem.
1423 4958 1563 5019 Trident.
1582 4975 1661 5021 sess.
1685 4961 1724 5021 25
1741 4961 1785 5019 De
1804 4959 1904 5039 repul.

279 5058 360 5106 ΜΝ·
375 5057 485 5120 ⁰⁰¹¹i3l·
508 5039 549 5102 fid
566 5043 728 5121 ΡΓΟΡΟὸῙῑᾶ
745 5041 845 5104 dimi&
860 5043 981 5106 dilecte
1015 5062 1066 5106 le·
1118 5073 1188 5134 cap.
1206 5055 1268 5133 10.)
1281 5057 1387 5116 Potest
1403 5062 1508 5116 tamen
1525 5055 1742 5117 confessarius
1759 5063 1904 5118 extraor-

278 5142 453 5220 spondere.
479 5140 538 5204 Sed
553 5141 652 5221 jussit
682 5141 777 5204 aliam
797 5142 1067 5221 supplicationem
1119 5154 1265 5217 dinarius
1298 5155 1345 5215 eis
1380 5155 1513 5215 concedi
1546 5154 1817 5232 asaperioribus
1852 5173 1904 5235 par
2002 5207 2003 5244 ,

280 5259 320 5306 0¹
350 5242 542 5319 illfflssed‘fflti
568 5251 747 5322 militm
767 5243 807 5304 lb
821 5244 968 5323 fliflsdssffl
985 5261 1065 5305 ⁵⁰⁰l·
1119 5259 1234 5336 plures
1254 5256 1338 5318 vices
1361 5272 1456 5334 quam
1476 5263 1524 5318 ter
1539 5255 1574 5316 in
1595 5272 1696 5322 anno.
1717 5273 1779 5317 nou
1801 5266 1903 5318 antem
2002 5249 2003 5262 ¹

279 5361 390 5422 ⁰⁰1¹8l·
415 5342 587 5405 ῦθΰΐθῑᾶΐῐῡ
608 5343 722 5421 redigi,
748 5344 792 5406 itt
809 5348 920 5414 lamen
945 5355 979 5406 lli
1000 5344 1067 5408 sete
1118 5373 1175 5434 per
1190 5355 1357 5435 pauciores
1379 5356 1484 5427 vices3
1500 5355 1547 5416 sic
1575 5355 1719 5416 decisum
1738 5355 1841 5418 scisse
1860 5371 1905 5416 re-

281 5443 389 5504 omnia
409 5440 622 5520 prmcedentia
641 5441 739 5505 dubia
762 5443 940 5521 implicaret
961 5452 991 5506 et
1013 5446 1067 5506 in-
1117 5454 1178 5519 sert
1198 5457 1375 5529 Bnrdnnns,
1391 5453 1525 5515 resolut.
1545 5455 1576 5527 5,
1594 5471 1625 5516 tt.
1644 5456 1693 5516 tt.

282 5543 403 5604 directe
420 5541 598 5606 dirimeret.
623 5544 661 5604 Et
685 5543 750 5604 hmo
768 5559 849 5605 trova
873 5540 1068 5623 supplicatio
1167 5553 1390 5632 contessarias
1427 5552 1703 5616 extraordinarius
1743 5571 1904 5642 ntrnquam

282 5642 438 5722 stejussu
472 5660 552 5706 sacr.
569 5659 679 5722 congr.
694 5642 921 5717 formaturam
935 5645 1069 5708 sanctis·
1118 5650 1904 5732 datmpromontattparticulartts.coligattptsc.

282 5741 356 5804 simi
375 5743 532 5822 pontificis
546 5745 583 5808 ad
596 5742 783 5824 huiusmodi
798 5743 1067 5824 supplicationem
1122 5765 1150 5814 et
1165 5751 1280 5832 Regul.
1297 5751 1337 5812 m
1350 5748 1452 5829 April.
1475 5749 1577 5832 root),
1594 5749 1656 5812 nisi
1674 5765 1729 5828 per
1745 5765 1827 5810 sacr.
1846 5749 1906 5810 Pm·
