4042 6458
61 423 64 432 .
118 371 167 436 aar
439 349 538 425 ems
559 349 684 422 rinna
701 343 947 420 consums-
966 350 1040 418 ata.
1060 352 1111 418 rx.
1129 353 1178 418 aa
1197 355 1330 432 aetus,
1351 356 1432 418 arc.
1696 353 1751 418 eet

119 475 303 540 rareDeum
331 468 549 547 inspirituct
582 464 725 538 veritate,
752 470 907 540 utsupra
956 467 1007 522 est
1035 478 1114 524 usus
1139 462 1305 538 potestatis
1337 462 1522 541 teusptoralis
1552 460 1585 526 ln
1632 465 1751 544 princi·

119 573 282 656 probatum
298 576 348 632 est
364 589 373 642 ;
390 583 466 648 ergo
490 565 563 630 dnis
584 563 714 628 moralis
742 561 907 626 societatis
960 559 1056 637 pibus
1080 552 1410 644 Christianis,'prout
1435 581 1552 645 nempe
1590 577 1639 630 ass
1670 585 1749 632 2011.

117 673 217 738 cirilis
246 669 385 734 includit
414 667 618 748 religionem,
646 665 686 728 de
712 679 777 745 qna
818 679 908 726 sum·
957 659 1070 724 formis
1085 661 1135 724 ccl
1167 679 1231 726 non
1260 664 1321 743 legi
1353 666 1564 742 coristianoes
1605 671 1751 749 adeoque

117 788 193 838 ruam
216 787 326 834 curam
350 769 469 831 habere
499 765 659 838 debehat
686 779 798 826 omnes
819 761 907 824 cives
958 757 993 820 in
1027 757 1088 821 hoc
1110 777 1173 822 usu
1210 768 1383 840 potestates
1422 767 1616 846 temporales
1659 767 1751 832 Glari-

118 861 235 952 possint
251 870 348 934 linem
363 865 641 948 supernaturalem
660 864 698 926 ad
715 878 811 944 quem
834 860 908 924 des·
958 856 1249 938 ssianasuojacent
1261 862 1492 927 Ecclesiastioas
1521 866 1582 928 sub
1599 878 1749 946 respectu

115 969 203 1032 tiaati
230 975 261 1030 ct
294 967 395 1032 vocati
417 975 493 1030 snm
512 981 532 1028 a
552 967 618 1027 Deo
635 961 730 1026 iaeile
746 970 777 1024 et
805 958 907 1024 libere
958 958 1294 1042 praeciosarumque
1314 972 1388 1026 suat
1406 968 1656 1042 moderandam
1673 970 1752 1047 quia

118 1069 272 1130 attinere.
957 1057 1122 1138 principes
1147 1078 1186 1124 ex
1218 1065 1303 1125 norm
1335 1082 1394 1126 usu
1430 1069 1597 1146 potcstatis
1625 1069 1751 1132 salvan·

151 1168 285 1230 Ecum
322 1173 427 1231 tamen
455 1165 495 1226 de
511 1153 670 1241 religione
707 1175 780 1240 qua
804 1157 906 1222 itade
958 1165 1021 1231 tur,
1067 1159 1152 1222 malo
1188 1168 1295 1224 atatem
1342 1174 1488 1242 pereunt.
1532 1167 1620 1247 [Cap.
1650 1168 1751 1232 Ursam

112 1270 326 1350 intonaturis
354 1267 393 1328 ad
422 1263 608 1328 societatem
628 1263 757 1324 civilem
786 1265 908 1342 spectat
957 1269 1108 1336 sanctam,
1136 1261 1221 1325 inter
1252 1272 1412 1344 extravag.
1441 1282 1524 1330 com.
1547 1269 1590 1329 De
1609 1269 1747 1351 maioris.

117 1370 206 1448 eique
222 1365 396 1439 incumbit,
412 1381 476 1426 non
493 1365 531 1427 ad
551 1360 782 1426 decernendam
800 1359 906 1440 porri·
958 1373 987 1424 st
1012 1361 1114 1436 oded,
1131 1371 1160 1423 et
1180 1365 1210 1426 S.
1229 1365 1376 1441 Tuom,
1405 1366 1450 1427 De
1468 1369 1578 1446 repim.
1602 1371 1748 1452 princip.

116 1468 207 1548 gitur,
223 1466 280 1528 sed
297 1473 419 1528 tanturn
441 1465 481 1527 ad
493 1463 723 1544 assequendum
739 1477 776 1524 ea
791 1476 907 1540 nempe

116 1584 184 1651 quaa
196 1566 292 1630 altior
319 1565 468 1640 societas,
480 1582 538 1628 seu
550 1561 694 1627 Ecclesia
705 1563 819 1626 cuires
830 1561 906 1624 reli-

116 1668 217 1748 gioais
237 1665 529 1744 supernaturaliter
549 1665 745 1728 concreditae
759 1672 835 1728 sunt
849 1680 905 1725 su·

120 1788 171 1850 per
186 1770 235 1831 lris
249 1761 442 1832 decreverit.
457 1769 532 1830 ttae
543 1757 710 1830 euraclusio
720 1776 769 1828 est
779 1765 820 1828 de
832 1764 907 1827 ilde.

118 1867 222 1932 hiatth.
236 1868 458 1938 xxvrtr,18·20
473 1885 481 1929 ε
497 1868 635 1929 Dotoest
649 1866 727 1928 mihi
737 1865 835 1927 omnis
849 1882 908 1944 po-

117 1979 244 2032 testas...
260 1967 369 2032 docete
384 1987 490 2031 omnes
510 1977 652 2048 pentes...
668 1979 793 2028 seruare
804 1966 909 2028 omnia

115 2089 298 2150 coactimque
311 2069 562 2146 maadooioobis,
577 2076 729 2148 eteaeap.
740 2069 908 2134 Daosssntt

117 2179 143 2232 et
158 2189 184 2232 r.
199 2171 277 2235 Cain
292 2168 335 2232 ad
353 2187 459 2232 ueram
478 2170 553 2233 dist.
578 2170 629 2244 96,
647 2185 720 2232 oram
737 2167 846 2231 maltis
861 2166 907 2230 si·

118 2272 252 2336 milibus.

152 2373 265 2436 VlEs
286 2373 350 2437 fine
393 2371 556 2436 societatis
594 2363 702 2434 civilis
738 2370 910 2434 deducitur

118 2476 258 2540 extensio
280 2477 447 2556 potestatis
484 2476 706 2557 gubernativte
746 2473 907 2555 ejusdem.

27 2659 29 2664 Ι
119 2578 238 2642 Etenim
257 2587 399 2658 potestas
428 2578 569 2642 civilisa
591 2581 658 2642 Deo
685 2577 831 2640 ordinata
861 2581 910 2638 est

119 2678 152 2739 od
193 2677 291 2740 finem
327 2678 491 2742 satietatis
534 2677 759 2742 obtinendum.
804 2673 906 2738 Debet

119 2777 211 2856 igitur
234 2777 425 2858 huiusmodi
441 2787 581 2858 potestas
611 2779 696 2842 tueri
727 2787 758 2842 et
790 2794 911 2858 propu-

119 2893 209 2956 gnare
241 2878 405 2958 imprimis
432 2879 541 2942 omnia
570 2879 730 2959 principia
772 2877 908 2940 moralia

117 2978 245 3058 iustiliae
262 2986 294 3042 et
311 2979 466 3043 virtutum
482 2979 630 3054 aliarum,
649 2989 815 3060 protegere
837 2977 911 3042 reli·

120 3079 219 3159 pionis
236 3097 324 3144 seraa
350 3080 528 3144 libertatem
550 3081 692 3143 divinum
710 3092 740 3144 et
755 3080 911 3159 indepen-

120 3178 273 3254 deatiam;
301 3180 397 3242 debet
421 3188 531 3259 postea
557 3182 727 3261 providere
744 3181 909 3244 commoda

119 3277 211 3360 hujus
231 3279 307 3343 vitm
334 3281 527 3354 extrinseco,
558 3281 908 3360 scilicatcorporalium

119 3379 270 3444 bonorum
295 3380 535 3455 sufficientiam,
561 3381 594 3444 in
618 3389 774 3462 querclam
792 3390 907 3462 potest,

118 3481 182 3542 suis
203 3479 381 3563 subjectis;
398 3483 585 3546 eorumdem
612 3482 833 3562 proprietates,
849 3483 908 3546 do-

121 3581 210 3644 minia
241 3589 275 3644 et
308 3581 416 3644 omnia
443 3583 516 3661 jura
550 3598 739 3646 conservare
768 3588 907 3646 tenetur.

119 3683 191 3746 item
203 3691 318 3746 contra
344 3682 452 3745 hastas
480 3683 519 3746 ab
542 3683 625 3746 intra
646 3691 677 3746 ct
694 3682 735 3746 ab
753 3690 840 3745 extra
856 3698 910 3758 pa·

122 3801 184 3846 cem
213 3793 246 3846 et
281 3783 543 3863 tranquillitatem
561 3783 778 3863 subiectorum
798 3780 910 3844 deien-

120 3885 189 3946 dere
205 3889 351 3952 teneturss

157 3987 222 4048 l'll.
260 3989 309 4048 Ex
350 3986 455 4060 dictis,
509 3991 681 4064 potestates
717 3985 908 4063 temporales

121 4086 209 4164 plene
224 4097 256 4149 et
271 4086 418 4150 absolute
447 4085 667 4149 subordinate
689 4086 818 4148 suntad
852 4088 909 4149 Ec·

119 4186 243 4249 alesiam
288 4186 323 4247 in
354 4201 449 4248 causa
478 4182 657 4262 religionis.
686 4185 731 4246 De
756 4182 815 4262 fids
832 4203 842 4251 ,·
874 4191 908 4244 ut

120 4288 282 4350 multoties
313 4286 344 4349 in
373 4285 471 4366 hujus
498 4290 646 4347 tractatus
679 4283 819 4346 decursu
849 4286 908 4346 de-

121 4391 326 4446 monstratum
343 4391 403 4444 est.
420 4383 454 4446 C.
474 4383 544 4444 Duo
575 4390 676 4452 suat:
700 4398 728 4444 c,
757 4381 792 4444 Si
812 4382 909 4462 impc-
930 4415 933 4422 ·

119 4493 214 4558 rator,
240 4484 317 4547 dist.
333 4484 392 4558 em
411 4494 571 4562 extravag.
586 4483 683 4544 Ursam
697 4491 846 4559 sanctam,
862 4484 908 4544 De

119 4587 242 4665 terporis
262 4592 291 4645 et
310 4583 397 4645 oded.
415 4583 481 4646 ibi·
500 4582 599 4646 Ursam
628 4591 768 4645 toaclam
795 4584 905 4646 Eccle-

958 1462 1081 1538 lilarn,
1105 1482 1133 1526 c.
1158 1463 1193 1546 x)
1230 1481 1237 1525 :
1270 1487 1284 1522 a
1312 1466 1343 1528 Si
1382 1467 1550 1544 plenitudo
1584 1471 1749 1546 potestatis

958 1562 989 1623 S.
1012 1561 1170 1625 contrusis
1194 1563 1317 1624 dicatur
1349 1563 1469 1628 rcierro
1495 1566 1534 1626 ad
1557 1565 1658 1630 solam
1681 1569 1748 1646 spi-

958 1659 1107 1722 ritualem
1124 1667 1325 1740 potestatem,
1350 1661 1410 1726 hoc
1433 1679 1504 1726 esse
1545 1680 1614 1744 non,
1634 1677 1749 1744 potest,

958 1761 1035 1842 quia
1060 1762 1226 1841 corporale
1252 1772 1284 1826 et
1309 1766 1485 1844 temporale
1514 1783 1554 1829 ex
1588 1767 1750 1848 spirituali

958 1875 1116 1946 perpetuo
1142 1869 1315 1946 dependet,
1331 1872 1415 1934 sicut
1440 1874 1585 1952 corporis
1606 1873 1749 1954 operatio

958 1982 999 2028 ex
1009 1966 1125 2030 virtute
1140 1967 1256 2032 animm
1269 1977 1330 2033 est.
1345 1972 1410 2034 »at
1422 1972 1620 2050 iterum-2,
1633 1984 1749 2057 quast.

959 2067 1009 2141 eo,
1027 2076 1087 2131 art.
1112 2069 1131 2130 6
1148 2069 1220 2132 adii
1240 2090 1248 2131 ε
1266 2089 1282 2128 e
1301 2073 1443 2135 Potestas
1461 2073 1644 2154 principum
1665 2083 1750 2140 tcm-

959 2167 1080 2247 poralis
1106 2167 1281 2249 spirituali,
1307 2171 1392 2236 sicut
1407 2189 1522 2252 corpus
1539 2175 1655 2238 animm
1675 2177 1752 2238 sul»-

959 2271 1064 2344 datur,
1085 2276 1117 2333 at
1139 2270 1214 2335 ideo
1229 2288 1293 2336 non
1313 2281 1360 2336 est
1382 2282 1571 2355 usurpatum
1584 2277 1749 2357 judicium

959 2369 987 2432 si
1003 2368 1183 2448 spiritualis
1205 2371 1357 2453 praetatus
1385 2391 1420 2437 se
1444 2375 1675 2454 temporalibus
1696 2376 1750 2440 in·

960 2464 1149 2536 tramittas.»

997 2575 1051 2638 tx,
1081 2577 1223 2640 Potestas
1240 2577 1387 2657 predicta
1420 2577 1574 2641 Ecclesia
1596 2578 1629 2640 in
1670 2587 1753 2642 tem-

961 2673 1086 2752 porales
1105 2683 1278 2755 potestates
1305 2695 1370 2741 non
1388 2677 1493 2740 solum
1509 2679 1664 2742 directim
1684 2687 1748 2750 est,

959 2777 1015 2835 sed
1031 2781 1063 2836 et
1077 2775 1283 2849 vindicaliva,
1313 2794 1373 2840 seu
1397 2786 1502 2858 potest
1518 2779 1662 2843 Ecclesia
1692 2796 1749 2859 po·

960 2878 1090 2936 testatas
1113 2878 1308 2957 temporales
1334 2879 1444 2942 devias
1466 2887 1498 2943 et
1542 2889 1750 2944 contumaces

959 2973 1064 3052 poenis
1099 2977 1252 3055 congruis
1282 2976 1452 3043 afficeres
1481 2980 1554 3042 ilaec
1582 2981 1750 3046 conclusio

960 3073 1071 3136 multis
1086 3076 1285 3154 argumentis
1309 3079 1463 3157 probatur
1479 3102 1488 3154 ;
1506 3095 1606 3142 unum
1649 3081 1751 3144 addu-

960 3193 1082 3239 cemus.
1112 3177 1257 3242 Trident.
1275 3195 1356 3241 sess.
1380 3180 1431 3250 25,
1457 3196 1527 3260 cap.
1551 3183 1599 3256 te,
1629 3183 1750 3261 gravis·

959 3277 1051 3340 simis
1068 3277 1170 3358 panis
1189 3277 1286 3341 afficit
1314 3278 1478 3360 principes
1513 3281 1572 3360 qui
1597 3281 1751 3345 locamad

958 3380 1202 3441 monomachiam
1218 3381 1358 3443 interris
1387 3383 1455 3444 suis
1481 3380 1565 3446 inter
1596 3383 1751 3447 Christia-

959 3497 1019 3542 nos
1033 3480 1272 3543 concesserint:
1288 3482 1478 3561 lrnpcrator,
1496 3482 1551 3557 ait,
1578 3501 1677 3563 repes,
1694 3484 1749 3548 dst-

959 3596 1018 3651 ces,
1036 3579 1210 3658 principes,
1238 3583 1447 3654 marchiones,
1479 3583 1651 3645 comiserat
1674 3601 1748 3664 qao·

959 3681 1296 3760 cueqacolioaemiste
1321 3684 1441 3746 domiai
1466 3685 1667 3764 temporales,
1694 3687 1750 3766 qui

958 3779 1061 3840 locam
1076 3780 1117 3842 ad
1144 3783 1393 3846 monomachiam
1423 3785 1457 3846 ia
1471 3787 1567 3848 terris
1580 3787 1647 3846 seis
1662 3785 1749 3848 inter

958 3879 1157 3943 Christianos
1177 3885 1388 3944 concesserint
1408 3901 1441 3944 co
1457 3884 1526 3962 ipso
1544 3884 1609 3946 sint
1628 3901 1749 3946 cacom-

956 3981 1121 4055 msmicati,
1149 3998 1186 4044 ac
1202 3983 1432 4064 jurisdictione
1449 3994 1478 4044 st
1507 3983 1647 4048 domicio
1673 3985 1747 4048 cici·

958 4081 1046 4154 tatis,
1091 4084 1202 4156 castri,
1229 4092 1286 4144 out
1318 4083 1382 4146 loci
1414 4084 1446 4147 in
1475 4101 1535 4163 quo
1576 4085 1626 4148 acl
1660 4071 1762 4166 apud'

957 4200 1047 4262 quem
1074 4181 1212 4246 duellam
1249 4183 1320 4264 fieri
1340 4185 1561 4265 permiserint,
1603 4184 1686 4268 quod
1708 4185 1748 4248 ad

957 4281 1100 4345 Ecclesia
1119 4283 1263 4346 attimar
1273 4285 1396 4364 priami
1420 4281 1657 4365 inteliipasctcr,
1671 4295 1700 4348 ct
1719 4291 1748 4351 si

955 4381 1097 4461 [sedulio
1110 4381 1176 4445 siat
1193 4383 1324 4447 disectis
1345 4382 1482 4446 demissis
1502 4385 1612 4448 statim
1642 4389 1748 4467 acqui·

956 4492 1083 4544 rosilar.

996 4585 1038 4647 X.
1052 4605 1067 4642 a
1080 4582 1209 4648 Preiata
1221 4590 1361 4664 poteslas
1371 4583 1526 4648 Ecclesia
1536 4584 1568 4646 in
1579 4584 1745 4668 principes

120 4685 194 4745 ciero
217 4684 415 4759 catholicam,
440 4694 469 4746 et
485 4684 586 4764 ipsam
612 4683 820 4763 apostolicam
845 4701 904 4745 scr-
956 4681 1153 4748 Christianos
1170 4701 1234 4748 non
1251 4695 1299 4748 est
1315 4685 1513 4765 temporalis,
1529 4685 1587 4748 sed
1620 4686 1747 4766 simpli·

120 4795 206 4862 pente
219 4785 281 4866 fide
294 4785 421 4847 credere
438 4785 579 4864 capimur
594 4795 622 4846 ct
649 4793 763 4847 tmere.
781 4784 905 4866 Nosque
956 4783 1036 4849 citer
1050 4783 1241 4865 spiritualis,
1259 4803 1365 4868 neque
1383 4787 1564 4867 proprisio
1584 4795 1747 4869 tempora.

120 4888 194 4949 harre
211 4888 345 4969 firmiter
365 4889 523 4954 creditam
548 4897 577 4946 et
617 4884 806 4966 simpliciter
833 4905 906 4948 coss-
955 4884 1011 4962 lia,
1027 4887 1084 4950 sed
1112 4887 1146 4950 in
1171 4903 1323 4965 personas
1351 4886 1549 4952 christianas
1583 4896 1744 4968 tempora·

120 4989 253 5065 proicer,
275 4997 368 5050 eastra
384 5005 477 5068 qaam
504 5005 561 5048 acc
582 4987 669 5048 solas
685 4995 743 5059 cst,
773 5004 829 5048 asc
856 5003 905 5047 re-

120 5084 223 5146 missio
255 5101 459 5164 peccatorum
463 5129 524 5150 .....
549 5084 800 5164 Oportetoatem
835 5086 904 5165 pla·
955 5104 994 5150 ex
1023 5087 1196 5169 utriusque
1219 5088 1525 5178 potcstatisnalura,
1543 5097 1574 5151 et
1595 5089 1747 5154 Ecclesia

120 5184 285 5246 diumesse
313 5187 370 5248 sah
391 5186 510 5267 plodio,
530 5196 559 5248 et
575 5185 777 5266 temporalem
811 5187 906 5267 spiri·
955 5187 1046 5268 praxi
1069 5196 1101 5250 et
1124 5188 1279 5250 doctrina.
1314 5179 1318 5186 ’

120 5285 197 5346 tacti
219 5285 335 5367 subjici
355 5288 515 5366 potestati.
548 5287 649 5348 Porro
680 5287 805 5348 subesse
839 5287 904 5347 Ro·
994 5289 1053 5352 lX.
1088 5289 1242 5364 Tandem,
1274 5311 1288 5346 a
1323 5289 1432 5354 exhac
1476 5286 1746 5354 subordinatione

120 5401 206 5446 sarano
231 5387 374 5466 pontifici
402 5405 520 5448 omnem
539 5389 705 5454 hamorem
729 5396 906 5448 creaturam
956 5395 1057 5450 status
1072 5387 1244 5452 Christiani
1270 5389 1309 5450 ad
1330 5389 1517 5465 Ecclesiam,
1546 5407 1581 5452 aa
1601 5389 1657 5453 uhi
1686 5389 1746 5453 de-

122 5481 409 5566 (adeoquesammos
421 5488 607 5572 principes),
629 5489 836 5564 declaramus,
855 5489 905 5550 di·
956 5489 1021 5552 viat
1044 5489 1079 5551 in
1102 5488 1160 5551 hac
1188 5507 1245 5568 per
1273 5507 1398 5567 pmnaru
1433 5496 1472 5554 ad
1500 5492 1582 5554 siam
1613 5509 1744 5554 revoca·
1800 5547 1802 5550 .

121 5582 228 5660 cianus,
273 5589 436 5669 definimus
473 5600 502 5652 et
558 5591 802 5671 pronuntiamus
843 5607 905 5650 esse
956 5589 1063 5662 tione,
1092 5588 1239 5666 exsurgit
1263 5597 1365 5653 status
1394 5590 1581 5670 temporalis
1597 5591 1686 5655 salus
1716 5604 1747 5656 et

121 5687 296 5750 carcinode
318 5692 503 5756 necessitate
523 5692 647 5754 salariis.
956 5687 1107 5767 dignitas,
1134 5689 1286 5754 Ecclesiae
1314 5691 1469 5772 gaudium
1482 5702 1513 5756 et
1529 5691 1632 5772 vigor,
1647 5693 1745 5757 totius

162 5783 244 5846 l'ltl.
269 5787 345 5848 «hd
371 5806 500 5850 causam
523 5788 690 5868 religionis
716 5788 904 5852 referendus
959 5789 1084 5853 tandem
1110 5791 1223 5854 mundi
1241 5793 1413 5856 consensio
1440 5799 1472 5858 et
1496 5793 1744 5874 pulchritudo.»

242 5891 296 5951 ius
316 5909 513 5953 esaonrcaar.
534 5893 573 5955 ΙΙ.
1570 5892 1605 5959 13

957 4986 1041 5050 libus
1076 4993 1251 5052 utentes.»
1280 4989 1355 5052 Esse
1381 4987 1548 5052 conclusio
1577 4989 1747 5053 deducitur
1839 5063 1840 5066 Ἴ
