4046 6460
284 411 338 476 355

288 523 452 605 publicare
467 523 612 589 mandata
627 518 700 585 laici
714 517 915 600 magistratus
929 515 968 580 ad
988 513 1073 580 indi·

286 624 402 688 condas
420 622 562 702 publices
578 635 700 701 preces.

327 725 369 787 x.
387 721 474 785 Laici
489 727 654 802 nequeunt
666 718 784 784 babere
798 723 937 798 cryptas,
953 729 985 780 et
1002 714 1072 779 adi·

286 834 340 886 tus
360 825 599 893 subterraneos,
623 838 680 900 per
698 833 813 902 qaose
835 819 905 882 suis
921 816 1072 910 domibus

288 923 326 985 sd
342 919 495 986 ecclesias
519 927 551 981 et
574 918 643 982 loca
662 917 820 980 immunia
835 922 1016 990 transeant;
1041 919 1073 978 et

288 1019 343 1083 ubi
358 1018 474 1088 adsint,
488 1015 672 1098 injungitur
685 1015 839 1096 episcopo
855 1023 890 1078 ut
906 1031 962 1078 eos
981 1015 1070 1077 clau-

288 1121 364 1181 dere
388 1117 495 1182 iaciat.
527 1119 568 1198 [S.
593 1133 703 1198 congr.
734 1115 896 1180 immonit.
922 1116 943 1177 9
966 1113 1073 1178 Martii

289 1217 390 1297 1633.)
409 1216 508 1287 Laici,
519 1214 645 1278 etiamsi
665 1214 732 1278 siut
746 1212 901 1287 illustres,
915 1219 946 1276 et
957 1211 996 1275 de
1009 1227 1074 1276 ma·

287 1317 434 1397 gistrato,
445 1315 523 1378 dom
533 1314 643 1378 divina
654 1313 868 1385 celebrantur,
882 1328 946 1374 nou
957 1311 1075 1375 debent

286 1415 371 1478 inter
384 1414 568 1488 canonicos,
585 1422 616 1477 et
631 1413 713 1478 alios
735 1412 878 1476 ecstasin
894 1409 1075 1490 prebenda·

287 1519 337 1575 tos
355 1521 438 1575 stare
460 1509 511 1573 rel
537 1511 650 1575 sedere
673 1513 707 1573 lu
730 1508 839 1584 cboro,
866 1507 912 1572 rel
939 1507 1073 1588 presby·

288 1611 460 1684 teriones
482 1626 640 1691 occupare
659 1610 749 1674 stella
766 1627 826 1672 seu
841 1610 911 1674 loca
939 1607 1074 1672 clerico·

288 1727 370 1775 runo.
380 1710 701 1791 (barcenonae,
713 1709 788 1772 dist.
798 1707 828 1784 2,
839 1708 884 1770 De
899 1715 1074 1778 consecrati

287 1827 317 1874 c.
333 1811 372 1874 Ut
388 1809 463 1872 iaici
483 1811 511 1880 l,
526 1809 571 1870 De
595 1809 661 1871 cita
685 1817 714 1870 et
735 1807 857 1878 laneat.
888 1807 1017 1882 cieric.;
1044 1816 1075 1871 et

288 1926 369 1973 sacr.
387 1910 452 1973 itit.
466 1927 575 1991 congr.
594 1910 742 1992 pluries.)
759 1909 845 1973 Laici
863 1926 927 1973 uon
939 1919 1075 1990 possunt

204 2015 206 2022 '
288 2011 428 2073 retinere
448 2010 565 2073 sedilia
580 2010 615 2073 iu
630 2011 842 2091 presbyterio,
862 2027 922 2074 nec
942 2015 1075 2088 possunt

289 2109 429 2173 retinere
444 2110 670 2175 baldachinum
682 2111 714 2174 io
731 2111 879 2187 ecelesia3
892 2129 951 2174 nac
965 2111 1013 2174 eis
1028 2117 1076 2174 est

289 2210 497 2274 deferendum
507 2212 714 2294 Evangelium
724 2211 763 2276 ad
778 2211 1001 2275 osculandum.
1017 2211 1075 2292 (Ex

288 2307 440 2390 pluribus
475 2311 612 2374 decretis
647 2308 854 2390 generalibus
890 2326 969 2373 sacr.
1011 2309 1073 2372 ιιιι.

288 2411 411 2491 congr.)
428 2411 510 2473 ilinc
529 2427 617 2474 sacra
632 2409 695 2473 ilit.
711 2426 822 2492 congr.
840 2409 1000 2474 mandarit
1015 2427 1071 2489 ap·

290 2513 422 2574 sanctum
441 2527 512 2572 esse
536 2510 641 2573 locum
667 2511 865 2591 magistratui
891 2519 980 2574 extra
1003 2527 1075 2590 pre·

288 2607 467 2690 sbyterium
478 2609 569 2690 juxta
594 2608 852 2690 designationem
869 2619 1043 2690 porrectam
1059 2625 1076 2672 a

290 2707 440 2788 magistro
455 2707 730 2779 caeremoniarum,
749 2726 811 2771 uon
831 2707 977 2772 obstante
989 2705 1075 2787 qood

290 2806 495 2886 magistratus
514 2807 711 2886 reperiretur
738 2807 773 2869 in
796 2807 1015 2888 possessione,
1046 2811 1077 2868 et

290 2905 442 2989 allegaret
459 2908 593 2971 alterius
618 2907 680 2971 loci
701 2907 835 2989 congrui
852 2909 1075 2972 deficientiam.

292 3007 392 3080 Laioi,
406 3008 550 3087 exceptis
562 3009 711 3090 personis
725 3008 899 3089 regalibus,
912 3016 1077 3088 nequeunt

290 3105 352 3171 sibi
372 3106 477 3171 iacere
491 3105 610 3172 deferri
626 3115 730 3189 tapeta
740 3115 795 3172 aot
810 3113 906 3170 strata
921 3107 960 3170 ad
975 3107 1078 3171 eccle·

290 3207 368 3281 sias,
390 3223 451 3272 neo
473 3207 623 3273 retinere.
645 3208 694 3288 (lit
712 3207 778 3272 haec
793 3207 901 3272 ornnia
915 3225 956 3270 ex
972 3206 1077 3288 pluri·

290 3306 352 3370 bus
367 3325 447 3372 sacr.
473 3325 583 3390 congr.
609 3307 673 3372 liit.
694 3305 900 3389 generalibus
926 3308 1076 3384 decretis,

290 3407 375 3487 apud
390 3407 533 3470 Tauria.
551 3408 637 3472 verb.
651 3407 806 3484 Ecclesia,
821 3415 881 3472 art.
896 3409 926 3484 t,
944 3425 977 3470 ιι.
992 3409 1033 3473 28
1046 3417 1077 3472 et

291 3506 393 3587 senc-l

331 3607 368 3667 lit
385 3605 416 3667 ln
432 3603 571 3668 concilio
590 3607 734 3670 Romano
758 3605 806 3669 tit.
823 3622 936 3679 xxrrrr,
959 3605 1003 3665 De
1022 3606 1079 3667 im-

289 3704 401 3766 nrunit.
418 3720 486 3783 cap.
506 3705 535 3780 ι,
557 3705 604 3770 sic
619 3705 753 3770 babetur
772 3722 781 3769 :
801 3703 950 3770 Generali
963 3714 1078 3767 sancta

289 3801 372 3868 redis
394 3803 517 3867 decreto
540 3806 575 3866 in
595 3801 732 3868 eeclesiis
756 3803 849 3866 etiam
874 3802 1077 3883 regularibus

290 3904 379 3966 intra
411 3903 682 3983 presbyteriorom
715 3912 746 3965 et
780 3901 932 3966 altarium
967 3910 1075 3982 septa,

289 4001 364 4065 dans
397 4003 498 4065 missac
533 4001 580 4064 ibi
606 4001 804 4064 celebrantur
840 4003 942 4066 aliane
969 4001 1077 4065 divina

292 4101 398 4182 ospicia
408 4101 643 4181 persolvantur,
662 4100 859 4166 cocolariam
869 4120 1078 4184 personarunt

291 4202 501 4282 cojuscunque
523 4198 730 4274 conditionis,
755 4210 784 4263 et
808 4219 904 4263 secus
929 4204 1079 4266 assisten-

291 4302 367 4364 tiarn
378 4301 574 4382 prohibitam
587 4303 686 4383 [aisse
700 4320 764 4363 non
779 4303 957 4382 ignoratur.
968 4303 1078 4366 Veram

291 4409 393 4463 tamen
409 4419 479 4462 carn
493 4401 534 4464 ad
548 4403 606 4466 lsoc
626 4401 702 4464 laici
722 4399 847 4481 qnidam
866 4403 901 4464 in
919 4403 1016 4466 vetita
1033 4411 1078 4464 te·

289 4503 433 4564 srrert'tate
445 4501 605 4576 nitantur,
619 4511 647 4564 et
658 4501 873 4577 inlacrimare,
886 4511 941 4564 aar
953 4520 1079 4564 scamna

288 4599 411 4676 essee
426 4597 475 4663 cel
487 4604 707 4683 pcnapieroria
720 4601 783 4664 sibi
795 4617 946 4682 arropare
960 4619 1079 4682 prara-

290 4712 387 4774 nrant,
418 4701 454 4765 id
479 4704 594 4766 iteruin
610 4703 711 4785 jacta
738 4719 900 4764 sacrarum
924 4720 1078 4765 concnam

200 4855 202 4859 ,
291 4799 488 4882 ejusdemque
501 4801 780 4881 apostolicaesedis
794 4811 935 4879 mentem,
953 4802 1010 4866 rab
1026 4822 1076 4866 cc·

289 4897 455 4962 clesiarans
467 4898 662 4979 repertorium
674 4900 778 4972 etiam,
795 4910 824 4963 et
846 4901 1077 4981 quomodocun-

288 5013 347 5076 pae
367 5005 584 5076 exemptarum
607 4997 772 5060 interdicti
789 5016 879 5079 ponc
899 5003 969 5080 ipsa
993 5003 1076 5081 sacta

288 5097 491 5172 incurrendo,
508 5107 538 5160 et
548 5099 687 5160 Romana
696 5099 844 5178 pontillci
855 5109 1015 5163 rerercata
1027 5104 1078 5165 in·

288 5197 436 5272 Mbemar,
452 5201 633 5262 mandantes
643 5209 691 5276 at,
708 5203 737 5263 si
748 5217 815 5280 qua
828 5204 895 5265 sint
908 5220 970 5283 pro
987 5203 1075 5269 laicis

287 5313 379 5359 sacra
404 5299 491 5361 intra
509 5299 578 5362 loca
596 5299 753 5380 prodicta
774 5301 880 5379 sedes,
905 5321 1029 5364 scamna
1047 5313 1077 5367 et

288 5399 519 5480 perrofieearic,
533 5399 623 5465 illinc
645 5402 835 5481 auferantur
851 5412 881 5464 et
894 5419 1074 5466 removean-

288 5503 343 5558 ιιιι·
358 5499 496 5562 omnmo.

327 5595 412 5658 laici
434 5605 553 5672 umen,
578 5606 666 5662 extra
693 5599 828 5662 eborum
850 5604 882 5661 et
907 5597 1075 5680 presbyte-

289 5691 395 5768 riorn,
422 5704 558 5774 possrrnt
585 5715 626 5762 ex
653 5697 834 5772 tolerantie,
870 5697 919 5762 rel
947 5699 1076 5764 licentia

289 5789 444 5892 episcopi,
459 5809 518 5860 sau
533 5796 665 5882 rectoris
676 5795 828 5876 ecclesiae,
842 5797 1008 5878 acquirere
1019 5799 1074 5880 jus

796 403 910 470 tonis
928 397 1108 465 caltontol
1124 397 1389 465 commentust.
1477 388 1483 398 ¹

1858 387 1908 454 att

1123 511 1287 577 retinendi
1305 511 1437 590 sedilia,
1459 526 1519 574 seu
1541 505 1676 573 sedendi
1699 507 1733 570 iu
1758 504 1909 580 ecclesis,

1122 625 1189 675 nou
1204 611 1309 693 quoad
1326 609 1520 684 dominium,
1536 606 1586 672 rel
1605 602 1910 686 proprietatem,sed

1122 710 1228 774 solnm
1244 710 1351 791 quoad
1367 725 1462 772 usum
1485 704 1697 772 revocabilem
1717 703 1757 768 ad
1781 701 1911 764 libitum

1125 811 1270 886 rectoris,
1285 817 1317 873 et
1328 809 1482 888 episcopi,
1505 813 1539 869 ιιι
1554 804 1683 869 tradunt
1697 801 1912 868 cummuniter

1124 910 1270 975 doctores
1292 915 1324 972 et
1344 906 1517 973 declararit
1538 905 1662 988 pluries
1690 919 1772 968 secr.
1800 917 1910 980 congr.

1124 1007 1361 1089 limace-(Vide
1375 1010 1518 1070 Fannia.
1533 1003 1623 1070 rerb.
1634 1003 1792 1078 Ecclesia,
1802 1010 1865 1064 art.
1880 1001 1909 1072 li,

1125 1114 1157 1174 et
1173 1108 1258 1172 verb.
1277 1107 1418 1186 Laicur.)

1426 1248 1541 1308 CAPUT
1560 1248 1606 1306 lv.

1125 1359 1164 1416 De
1177 1353 1308 1416 laicorum
1323 1358 1443 1443 fideliora
1462 1360 1502 1413 ati
1521 1356 1686 1442 sinpanlararn
1705 1356 1912 1429 alligationibus

1422 1444 1450 1484 ιιι
1468 1443 1611 1485 commane.

1289 1531 1304 1606 ⁵
1324 1532 1345 1589 1.
1365 1557 1401 1576 «-
1418 1532 1534 1588 Ratione
1556 1531 1659 1587 vincali
1678 1531 1753 1588 odd.
1801 1541 1805 1546 '

1165 1649 1191 1711 l.
1207 1640 1370 1710 Tenentur
1393 1645 1513 1720 fideles,
1535 1646 1659 1707 ratione
1679 1643 1805 1708 rineuli
1832 1641 1912 1714 lidei,

1127 1747 1221 1810 lidem
1241 1746 1276 1809 iu
1301 1745 1459 1825 baptismo
1484 1752 1698 1824 acceptumst
1725 1742 1914 1808 solemniter

1123 1847 1259 1928 juratam
1287 1863 1415 1908 serrare
1447 1853 1479 1909 et
1508 1843 1660 1908 retinere.
1694 1845 1751 1926 (De
1785 1841 1860 1924 fide,
1886 1860 1911 1908 c.

1126 1947 1235 2010 Prima
1250 1944 1348 2022 salas,
1365 1961 1460 2009 causa
1479 1947 1530 2019 25,
1547 1953 1661 2028 quest.
1675 1946 1710 2020 1;
1725 1961 1753 2008 c.
1775 1938 1913 2008 Firmis·

1126 2043 1218 2114 siene,⁰
1233 2052 1266 2107 et
1279 2061 1306 2106 c.
1323 2044 1652 2118 Eecomrnnnicarnar,
1674 2043 1719 2104 De
1734 2043 1859 2121 iteret.)

1167 2144 1207 2208 11.
1225 2146 1290 2223 lpsi
1319 2145 1414 2208 etiam
1430 2145 1523 2222 pueri
1539 2143 1702 2224 baptizati,
1718 2163 1793 2210 cum
1809 2143 1914 2208 adole·

1126 2249 1231 2319 scunt,
1246 2243 1278 2306 in
1295 2243 1357 2307 lide
1370 2246 1404 2306 in
1418 2245 1576 2324 baptismo
1586 2260 1604 2309 a
1615 2263 1662 2321 se,
1674 2245 1736 2310 etsi
1756 2263 1814 2325 per
1824 2243 1913 2320 alios,

1124 2341 1229 2426 jurata
1248 2357 1451 2422 perseverare
1466 2345 1596 2420 debant,
1613 2346 1761 2427 adeoque
1776 2345 1915 2407 interro·

1127 2443 1223 2523 gandi
1239 2457 1303 2506 uon
1319 2453 1395 2508 sont
1409 2455 1448 2508 an
1465 2453 1568 2507 ratum
1583 2443 1701 2507 babere
1714 2441 1817 2505 velint
1832 2442 1914 2522 quod

1129 2543 1263 2624 patrini,
1279 2561 1391 2608 corum
1407 2545 1551 2620 nomina,
1566 2545 1643 2608 darn
1661 2544 1912 2624 baptizarenter,

1129 2641 1262 2722 polliciti
1281 2650 1367 2706 sunt.
1385 2645 1430 2707 De
1445 2643 1518 2707 lide.
1531 2641 1688 2724 (Trident.
1704 2657 1787 2705 sess.
1799 2643 1832 2715 Ι1,
1846 2659 1911 2704 cao.
2006 2640 2010 2683 ²

1129 2741 1184 2814 iles
1201 2751 1232 2806 ct
1249 2759 1277 2806 c.
1293 2742 1434 2816 Paeonii,
1454 2745 1496 2805 De
1509 2753 1684 2806 consecrat,
1700 2743 1775 2805 dist.
1793 2741 1840 2823 le.)

1168 2843 1224 2906 lll.
1249 2845 1417 2907 Tenentur
1439 2844 1551 2909 fideles
1573 2845 1668 2908 fidem
1695 2844 1728 2907 iu
1754 2843 1912 2924 baptismo

1128 2951 1309 3024 susceptam
1328 2952 1358 3008 el
1369 2945 1507 3026 juratam
1527 2961 1592 3009 nou
1606 2943 1711 3010 solum
1726 2947 1826 3009 corde
1838 2945 1913 3006 icte-

1127 3043 1196 3107 rios
1213 3045 1362 3120 retinere,
1387 3047 1444 3109 sed
1461 3045 1557 3109 etiam
1574 3045 1718 3108 exterius
1741 3043 1913 3125 aliquando

1128 3145 1281 3225 proliteri.
1298 3148 1328 3210 1.
1344 3148 1510 3209 Tenentur
1523 3160 1651 3226 semper
1665 3154 1696 3208 et
1714 3161 1772 3225 pro
1788 3161 1912 3224 semper

1127 3241 1287 3306 abstinere
1303 3259 1321 3306 a
1338 3243 1511 3323 negatione
1536 3243 1628 3318 fidel3
1642 3277 1680 3290 -
1698 3244 1730 3307 2.
1747 3245 1911 3304 Tenentur

1128 3341 1166 3404 ad
1184 3341 1418 3422 professionem
1446 3340 1615 3422 positivam
1638 3343 1837 3407 ordinariam
1861 3359 1913 3421 per

1127 3449 1216 3506 sctsrs
1231 3443 1412 3508 ordinarios
1427 3449 1459 3507 et
1473 3453 1623 3509 externos
1637 3443 1821 3525 religionis,
1836 3459 1912 3524 quo·

1128 3539 1189 3603 ties
1205 3539 1255 3604 illi
1271 3551 1361 3606 actos
1384 3549 1461 3606 sunt
1476 3544 1635 3624 precepti.
1650 3544 1730 3606 -3.
1750 3545 1912 3606 Tenentur

1128 3642 1165 3702 al
1214 3641 1500 3706 extraordinariam
1541 3643 1615 3706 lldci
1654 3641 1909 3722 professionem,

1128 3742 1256 3822 quando
1282 3741 1385 3805 bonor
1410 3743 1468 3806 Dei
1489 3750 1544 3807 aut
1568 3743 1706 3823 proximi
1737 3743 1859 3806 utilitas
1881 3743 1911 3804 id

1128 3841 1279 3918 postulat.
1881 3827 1890 3850 ⁸

1247 3981 1262 4059 ς
1280 3983 1314 4040 ll.
1330 4016 1365 4028 ·-
1377 3980 1493 4044 Ratione
1510 3985 1613 4044 vinculi
1630 3979 1808 4042 obedientias.

1168 4102 1192 4164 l.
1209 4102 1374 4164 Tenentur
1397 4097 1523 4174 ildeles,
1547 4099 1669 4162 ratione
1694 4097 1816 4160 vinculi
1839 4097 1911 4158 oba·
2017 4099 2018 4186 ,

1128 4199 1270 4277 disesia,
1290 4203 1359 4265 suis
1375 4201 1509 4264 subesse
1521 4197 1715 4280 pastoribus,
1731 4205 1763 4260 et
1784 4215 1858 4260 cum
1876 4196 1911 4258 iis

1130 4301 1308 4381 respective
1339 4301 1495 4366 unitatem
1524 4315 1664 4364 servare.
1690 4299 1736 4361 De
1766 4297 1841 4362 dds.
1869 4295 1909 4380 (d

1127 4403 1215 4467 Scire
1232 4401 1339 4474 deles:
1354 4409 1386 4466 et
1399 4419 1468 4483 cap.
1484 4401 1910 4481 vermandensem.

1129 4519 1151 4565 ι.
1201 4509 1240 4564 tc.

1155 4519 1208 4664 ’li
1225 4503 1387 4679 lr)nprimis
1405 4604 1557 4662 tenentur
1583 4597 1693 4660 fideles
1716 4612 1830 4661 omues
1852 4598 1911 4659 lto·

1130 4716 1224 4764 mano
1239 4699 1393 4779 pontiflci,
1409 4705 1520 4778 utpote
1545 4695 1645 4760 totius
1667 4695 1830 4760 universe
1853 4697 1909 4758 Ec·

1128 4798 1235 4864 clesie
1248 4797 1401 4878 eprisccpo
1422 4796 1571 4870 subesse,
1586 4811 1659 4858 cum
1679 4810 1786 4874 eoque
1810 4793 1911 4856 unitr-

1129 4905 1191 4962 tem
1204 4910 1344 4960 serrare.
1360 4897 1406 4960 lie
1427 4894 1501 4958 lide.
1514 4894 1561 4975 (C.
1576 4883 1650 4960 Nan
1662 4892 1761 4957 decet.—
1776 4891 1852 4955 dist.
1866 4891 1908 4964 tic

1127 5016 1156 5063 o.
1172 4998 1224 5060 lta
1246 4996 1406 5070 dominas,
1425 4994 1500 5057 dist.
1515 4995 1565 5068 193
1581 4998 1612 5056 et
1623 5009 1660 5055 ex
1672 4991 1825 5054 omuibus
1837 5006 1909 5054 con·

1127 5097 1213 5162 ciliis
1230 5095 1450 5160 ocumanicis.
1480 5093 1658 5172 presertim
1679 5090 1881 5172 Lapdanens.
1899 5105 1909 5148 ι

1128 5205 1160 5264 et
1175 5215 1219 5273 113
1231 5207 1262 5260 et
1275 5197 1418 5260 Floreat.
1430 5213 1459 5258 e.
1473 5195 1570 5258 Unam
1583 5205 1734 5266 sanctam,
1750 5199 1905 5269 extravag.

1127 5298 1223 5379 com.)
1257 5297 1359 5378 igitur
1379 5297 1414 5360 in·
1434 5295 1647 5375 discrepantia
1660 5295 1745 5356 inter
1761 5293 1908 5356 diaecesa-

1128 5417 1205 5464 num
1234 5401 1442 5478 episcopum,
1471 5411 1531 5460 seu
1556 5387 1907 5472 omnes'partioulares

1127 5499 1296 5580 episcopos
1312 5497 1532 5561 ctltomanum
1550 5493 1744 5574 pontilicem,
1760 5497 1909 5557 tenentur

1126 5615 1239 5664 omnes
1250 5595 1362 5662 fideles
1376 5603 1408 5660 et
1422 5595 1756 5660 sacerdotositomano
1766 5589 1906 5675 pontida
2018 5593 2019 5622 ι

1126 5697 1270 5772 obedire,
1285 5713 1381 5761 suum
1399 5696 1614 5760 diaecesanum
1636 5702 1668 5759 et
1689 5693 1770 5761 alios
1785 5691 1908 5775 episco¹
2018 5700 2019 5732 ι

1127 5815 1185 5882 pos
1200 5796 1376 5864 omittendo
1389 5803 1421 5864 et
1436 5796 1661 5880 relinquendo.
