4004 6458
247 367 301 434 css
755 359 871 422 sunm
888 352 1354 428 muourcucoumamuu.
1828 357 1879 426 cst
1980 317 1981 322 Ν

248 482 398 550 causariis
412 480 452 546 ad
468 479 568 544 libera
593 472 806 542 obtinendum
824 492 921 540 suum
938 476 1034 540 linem
1094 479 1274 556 casamento
1287 475 1418 552 scabini,
1442 495 1496 539 sen
1524 475 1676 550 cononica,
1693 485 1723 538 el
1738 475 1796 540 olii
1826 479 1879 539 do·

249 585 399 650 ultimum
414 582 587 662 gaudeant.
600 579 682 658 Erga
697 578 817 642 nedum
833 577 986 644 Ecclesia
1000 579 1037 640 li·
1093 577 1172 640 mini
1199 579 1394 658 temporales,
1416 585 1442 642 et
1464 579 1489 640 ii
1503 577 1560 658 qai
1573 576 1829 658 jurisdictionum
1851 582 1880 639 ia

248 684 402 746 beatotum
419 682 523 754 indat,
542 695 612 744 sum
634 678 731 744 tutari
748 685 876 742 tenetur
894 685 1035 757 potestas
1093 677 1174 758 ipsis
1190 680 1389 754 communiis,
1411 679 1618 754 ciuitatibus,
1640 679 1767 751 sostris,
1783 689 1811 742 et
1826 679 1882 739 oll-

249 781 356 846 citilis
383 779 534 860 quisquis
565 779 619 844 sit.
642 776 818 860 (Videqum
845 777 932 842 dista
959 789 1038 842 sunt
1094 778 1348 860 intemporalem
1367 789 1523 858 coercent,
1550 779 1599 844 ael
1624 780 1739 862 quibus
1760 782 1794 840 in
1818 780 1880 841 illis

248 877 306 944 lib.
319 879 376 952 lx,
397 879 440 943 tte
451 878 555 953 laicis,
571 885 646 950 alm,
659 893 731 956 sap.
748 875 821 956 x1.)
837 876 868 939 Si
886 892 961 939 vero
976 892 1039 956 po·
1094 883 1256 946 maniosa
1281 890 1324 944 est
1350 882 1511 946 assecutio
1539 883 1678 964 justitiae
1695 879 1878 952 secularis,

249 985 348 1042 testas
367 975 1038 1054 maniacislacrimaristlaaus',molesia
1093 984 1217 1046 molesti
1245 985 1469 1048 suntnimium
1491 981 1751 1062 Ecclesiissnper
1782 983 1880 1059 plari·
1981 951 1982 1018 ἶ

248 1080 421 1161 subjicitur
450 1089 481 1144 st
512 1087 640 1146 tenetur
671 1079 816 1145 obedire.
852 1082 937 1160 lisga
966 1081 1039 1144 uni·
1094 1081 1164 1156 bus,
1187 1091 1214 1144 et
1231 1083 1362 1165 infesti,
1392 1092 1420 1146 et
1448 1083 1531 1146 inter
1557 1091 1668 1146 catera
1690 1082 1881 1142 nitanturet

249 1179 430 1256 versatiles,
450 1181 563 1246 sallom
588 1180 792 1259 regulariter,
820 1179 907 1259 legas
930 1197 1037 1244 amar·
1094 1186 1221 1251 nudans
1250 1195 1286 1250 nt
1309 1189 1379 1251 e'tta's
1406 1187 1565 1262 collectos,
1596 1195 1624 1249 et
1645 1187 1797 1250 tollinset
1822 1185 1882 1246 sliu

250 1281 414 1348 usatiaals
430 1292 510 1346 sunt
525 1283 658 1364 iniquae,
675 1282 806 1348 secluso
832 1289 939 1348 lamen
969 1281 1040 1364 pri·
1094 1289 1288 1370 bapasmodi,
1315 1287 1422 1352 endan
1441 1288 1585 1362 ecclesiae,
1613 1293 1772 1366 praetento
1791 1283 1883 1344 bono·

254 1380 376 1461 vilegio
393 1382 541 1461 speciali,
562 1390 596 1446 ul
614 1387 713 1462 patei.
1095 1405 1166 1452 rum
1187 1406 1255 1468 cus
1273 1387 1522 1468 scaeisioernnt,
1538 1385 1681 1450 tribuant
1708 1391 1736 1446 et
1760 1380 1882 1461 persol-

289 1485 383 1548 Prob.
413 1485 453 1549 ll.
483 1485 594 1548 ,necne
622 1483 808 1548 canonibus.
839 1483 955 1548 (2.an
971 1484 1039 1565 aaa,
1095 1496 1182 1561 anat,
1206 1485 1255 1548 ocl
1272 1495 1364 1548 cotra
1379 1503 1503 1547 monast
1529 1502 1617 1546 susm
1637 1489 1759 1563 ponant
1780 1479 1884 1561 bajas·
1982 1513 1983 1516 =

252 1585 362 1648 ultim.
389 1585 602 1650 nommant.
620 1586 701 1662 inti,
720 1587 877 1649 ibicllos
892 1587 1040 1666 natitent·
1094 1587 1180 1650 motti
1214 1587 1383 1667 aequisita.
1411 1585 1551 1648 Veientes
1579 1583 1683 1663 itaque
1709 1596 1807 1659 super
1840 1577 1884 1638 bis

249 1684 360 1764 percle
396 1687 569 1751 demissiores
605 1687 777 1750 obtinentes
803 1689 872 1750 suis
905 1687 1041 1750 subditis
1098 1687 1240 1752 omnibus
1256 1693 1356 1767 proed
1384 1685 1512 1767 repente
1540 1684 1678 1747 sollicite
1705 1679 1885 1762 procidere,

251 1803 289 1846 ne
304 1784 451 1864 prolatis
471 1794 526 1848 out
543 1785 680 1860 clericis,
704 1805 758 1848 sea
771 1787 917 1866 persenis
944 1785 1043 1864 eoets·
1096 1796 1204 1870 totque
1218 1788 1394 1850 temerariis
1409 1785 1539 1850 cassibus
1562 1782 1715 1863 sonprnis
1728 1779 1885 1860 prosiliit

251 1883 392 1948 siastiss's
421 1882 594 1966 quidquam
613 1884 760 1959 vendant,
784 1884 832 1946 uel
861 1897 959 1946 emant
981 1887 1043 1949 nli·
1096 1891 1225 1956 obninre
1262 1889 1455 1952 anctoritate
1482 1885 1681 1966 apostolico,
1714 1879 1887 1962 praebebit·

252 1981 331 2062 quill
362 1981 400 2044 ab
426 1982 555 2057 iisdem,
575 2002 633 2046 nec
659 1985 738 2063 ipsis
761 1983 888 2046 bladum
904 1985 1041 2064 molant,
1098 2009 1168 2054 anas
1179 1989 1337 2070 [ratribus
1355 1985 1476 2048 nostris
1492 1983 1639 2063 dilipealt'
1654 1977 1885 2049 deliberatione,

252 2091 609 2163 consempiternam
637 2083 702 2148 olio
729 2083 876 2164 obsequio
899 2085 1043 2150 rebibere
1099 2093 1291 2158 decernimus
1315 2107 1380 2154 aon
1412 2088 1506 2156 lisere
1521 2086 1665 2167 praesolis
1690 2079 1887 2151 communiis,

249 2192 459 2264 presumant,
476 2184 646 2266 aliqnando
661 2187 869 2260 interdicant,
881 2205 949 2250 cam
965 2191 1044 2254 tolio
1099 2198 1246 2272 scabinis,
1261 2204 1289 2257 et
1303 2196 1354 2270 iis,
1368 2193 1423 2275 qui
1435 2197 1469 2255 in
1484 2193 1525 2254 iis
1544 2186 1806 2272 jurisdictionem
1821 2193 1888 2242 tem·

253 2285 287 2346 in
305 2283 539 2366 deropatioaem
554 2289 768 2356 ecclesiastica
785 2293 943 2358 libertatis
962 2311 1044 2374 prae·
1098 2299 1240 2382 posalens
1262 2296 1415 2372 obtinent,
1442 2291 1491 2356 oel
1503 2289 1667 2374 p'nstitiam
1689 2281 1887 2365 temporalem

252 2395 430 2459 snamntnr,
445 2406 479 2449 eo
492 2388 562 2468 ipso
577 2393 911 2456 escamsnnns'cctionis
925 2403 1045 2455 senten·
1101 2408 1255 2477 exercent,
1274 2397 1394 2469 tallias,
1408 2393 1455 2456 uel
1470 2392 1615 2456 collectae
1630 2406 1684 2452 seu
1713 2385 1888 2448 sanctiones

253 2485 305 2550 tim
332 2485 491 2567 subjacere
518 2486 887 2570 recommendata
919 2496 964 2560 ait
989 2495 1044 2558 Pi·
1101 2517 1298 2583 quascunque
1319 2491 1514 2560 ecclesiisael
1530 2489 1677 2572 personis
1706 2483 1890 2548 ecclesiasti·

255 2583 362 2663 rbing,
390 2586 448 2648 lib.
467 2605 505 2661 r,
534 2590 582 2651 tit.
606 2608 629 2652 ιι
651 2635 660 2666 ,
683 2599 763 2656 sect.
787 2593 837 2668 ἲ,
861 2604 895 2656 n·
920 2595 970 2668 91,
1000 2594 1045 2658 ibi
1098 2603 1146 2664 cis
1169 2602 1340 2680 imponere,
1366 2596 1413 2662 uel
1427 2591 1601 2674 esipcrcnb
1617 2587 1730 2652 eisdem
1753 2603 1817 2666 pro
1838 2583 1888 2644 do·

254 2682 386 2746 disertis
407 2690 437 2748 et
455 2685 646 2754 formalibus
659 2692 766 2754 uerbis
785 2709 850 2756 nan
868 2693 1044 2775 probibea-
1098 2700 1217 2775 milas,
1231 2696 1376 2778 proediis,
1390 2693 1444 2758 sel
1470 2693 1706 2775 pollutamque
1721 2685 1889 2768 passessio-

256 2792 308 2847 tur
335 2802 376 2848 ne
394 2788 517 2852 subditi
537 2790 690 2868 vendant,
718 2794 767 2856 vel
782 2793 846 2858 alio
862 2795 1047 2860 modoalia·
1098 2799 1243 2864 nibaaab
1266 2798 1377 2861 eisdem
1407 2795 1559 2869 ecclesiis,
1575 2791 1624 2856 ael
1630 2790 1776 2872 personis
1801 2785 1890 2849 ecels-

257 2893 334 2948 nent
350 2888 433 2950 baua
447 2889 626 2956 immobilia
653 2895 687 2956 in
704 2895 877 2972 Ecclesiae,
903 2898 953 2961 sel
973 2915 1047 2977 par·
1102 2901 1241 2964 eleaticis
1254 2897 1404 2961 bertanae
1428 2894 1609 2977 ocqeisitis,
1624 2892 1672 2955 oel
1689 2892 1889 2969 inposterum

254 3001 352 3050 sonas
370 2988 616 3068 ecclesiasticas,
634 2995 709 3076 quia
725 2996 765 3060 de
783 2999 877 3062 bonis
896 2999 1047 3062 immabi·
1102 2997 1312 3079 acquirendis,
1324 2995 1445 3058 etiamsi
1459 2995 1534 3073 ipsos
1544 2988 1729 3054 ecolesinael
1738 3002 1889 3068 persono,

256 3082 343 3147 libus
376 3085 462 3151 nulls
493 3089 589 3154 litibi
613 3109 768 3172 expressa
797 3097 930 3171 mentio,
967 3098 1047 3161 satis
1102 3098 1149 3160 aet
1180 3091 1503 3175 resbajusmoclisint
1534 3091 1620 3155 intro
1638 3087 1890 3153 illosnmdistri-

255 3183 340 3247 clare
358 3191 462 3250 tamea
478 3187 510 3251 id
528 3189 728 3269 prohibitum
744 3199 791 3258 ost
818 3195 883 3258 illis
911 3195 1046 3260 verbis:
1102 3206 1187 3260 etam
1212 3194 1260 3256 oei
1290 3191 1488 3254 territorium
1500 3191 1690 3253 constitutae.
1719 3186 1785 3250 Nec
1804 3185 1889 3248 etiam

256 3281 302 3347 Ne
322 3282 446 3349 clericis
468 3289 638 3372 quidquam
668 3293 830 3366 cendant:
851 3313 925 3377 qum
951 3298 1048 3362 verba
1104 3297 1195 3360 liceat
1227 3295 1295 3358 illis
1324 3294 1408 3373 ipsas
1435 3290 1580 3354 ecclesias
1606 3288 1653 3352 ael
1678 3303 1831 3368 personas
1853 3283 1890 3346 ol
1986 3345 1987 3382 ἶ

256 3401 332 3448 cum
362 3390 525 3465 generalia
553 3392 631 3468 sint,
651 3393 764 3475 ulique
777 3396 838 3458 snb
854 3396 919 3459 illis
944 3397 1049 3460 conti·
1104 3393 1339 3461 distrahendum
1354 3391 1402 3455 ael
1415 3391 1628 3466 alienandum,
1645 3397 1701 3452 out
1719 3398 1813 3450 estro
1829 3405 1887 3448 mo·
1986 3389 1987 3392 ’

257 3487 476 3551 naturalium
506 3489 684 3568 pralsibitio
717 3494 915 3558 venditionis
946 3495 1050 3559 buno·
1099 3515 1280 3561 mamaeam
1302 3493 1490 3574 ponendam,
1505 3491 1739 3574 acquisitcjcm
1754 3487 1803 3550 ael
1829 3505 1890 3568 pso

258 3601 344 3661 rum,
359 3602 417 3650 seu
435 3606 543 3652 rerum
557 3589 788 3672 immobilium,
803 3601 911 3658 elnon
926 3603 1048 3658 tantum
1104 3600 1247 3679 deinceps
1276 3597 1439 3677 acquirent
1463 3639 1472 3672 ,
1499 3594 1698 3676 atiquatenus
1722 3599 1888 3654 coarctare.

260 3684 443 3762 mobilium,
457 3706 593 3768 quarum
614 3690 731 3772 aliqum
750 3693 795 3756 ibi
812 3694 1047 3774 specificantur.
1105 3699 1190 3775 Quid
1206 3706 1254 3761 est
1269 3706 1360 3758 estro
1374 3711 1500 3756 monam
1520 3693 1669 3756 Ecclesia
1684 3709 1802 3771 ponere
1815 3689 1889 3752 bona

258 3781 305 3848 lla
321 3783 469 3852 laudatus
493 3797 617 3866 auctor,
634 3793 691 3872 qui
704 3793 858 3870 subinde,
877 3804 912 3858 n·
940 3795 991 3870 bl,
1009 3813 1050 3860 ex
1105 3797 1273 3880 acquisito,
1288 3792 1352 3858 nisi
1367 3791 1545 3857 Ecclesiam
1565 3792 1598 3854 in
1614 3789 1811 3871 possidenda
1826 3803 1891 3850 mo·

259 3886 373 3950 endem
391 3896 480 3954 tastu
497 3893 628 3956 deducit
647 3917 662 3952 s
693 3894 811 3975 legem,
831 3897 880 3961 ael
895 3906 1051 3962 statutum
1106 3899 1225 3972 durari,
1242 3897 1319 3978 quia
1334 3903 1383 3959 est
1411 3907 1591 3974 possessor,
1611 3897 1646 3954 ut
1660 3891 1766 3964 aiunt,
1789 3905 1890 3950 mans

260 3985 302 4048 de
333 4002 397 4050 non
426 3989 608 4054 alienandis
639 3992 735 4056 bonis
763 3994 985 4060 immobilibus
1015 3995 1050 4058 in
1103 3999 1264 4065 mortno?
1289 3999 1359 4060 tam
1377 4011 1452 4058 uero
1471 3996 1531 4058 boc
1552 3993 1657 4057 lacere
1683 3999 1733 4056 est
1754 3990 1889 4072 plenitu-

259 4085 432 4164 acclesiae,
449 4097 480 4153 et
495 4108 648 4170 personas
667 4094 901 4159 ecclesiasticas
918 4112 984 4160 uon
1003 4113 1052 4160 sn·
1106 4101 1210 4164 dinem
1231 4099 1318 4182 p'aris
1334 4095 1495 4170 Ecclesia,
1511 4095 1651 4175 ejusque
1668 4091 1824 4156 libertatis
1846 4091 1890 4153 in·

262 4187 329 4251 lum
346 4192 906 4274 esseinJastumslillicitum,sadet
918 4199 1052 4264 omniun
1108 4203 1283 4283 tepritatoa
1298 4197 1424 4260 luders.
1449 4197 1488 4260 Et
1505 4194 1622 4259 ultima
1648 4192 1784 4256 mannis
1802 4189 1889 4270 buius

261 4290 487 4356 inualidum.»
1107 4303 1229 4368 verba:
1260 4299 1430 4366 Necliccot
1432 4341 1494 4362 .....
1517 4297 1567 4359 ael
1587 4313 1656 4378 pom
1671 4294 1815 4374 deinceps
1840 4311 1888 4355 sc·

301 4389 382 4453 ¹²⁰ffl
398 4409 467 4472 ΜΡ·
484 4394 568 4470 Qlll'ss
581 4394 743 4470 militib}
771 4397 814 4458 Dt
830 4395 987 4459 t'mmtlnt'l·
1018 4396 1053 4460 iu
1109 4406 1232 4487 quirent
1246 4402 1443 4482 aliquatenus
1470 4409 1644 4469 coarctare,
1672 4397 1840 4459 anuntiant
1860 4403 1889 4456 et

262 4490 305 4565 li,
332 4489 378 4552 ibi
404 4491 514 4568 :Quin
537 4495 687 4558 nonnnlli
711 4495 856 4558 babentes
881 4494 1053 4575 temporale
1110 4503 1298 4587 propulsant
1329 4503 1534 4584 ipsissimum
1559 4499 1710 4564 eductum
1745 4506 1776 4562 at
1803 4498 1887 4560 linem

263 4587 448 4668 dominium,
478 4592 526 4655 uel
555 4596 724 4675 potestatis
751 4605 889 4675 perantes
913 4598 1054 4677 ospicium
1110 4603 1472 4688 peginamoatizatianis.

263 4692 436 4770 sanatoris,
465 4695 642 4761 libertatem
666 4705 693 4760 el
715 4699 939 4762 immunitatem
963 4699 1055 4762 eccle·
1149 4711 1229 4774 item
1256 4708 1291 4770 in
1315 4704 1402 4769 bulla
1432 4702 1610 4766 Pastorols's
1637 4700 1747 4774 Cnnoe,
1771 4713 1888 4762 ascum·

263 4792 423 4855 sinsticom
452 4793 561 4860 indere
587 4816 624 4859 oc
654 4798 805 4874 minuere,
826 4807 975 4880 tanquam
998 4798 1054 4860 lto·
1112 4813 1316 4874 [numerantur
1342 4811 1373 4868 aa
1402 4803 1746 4877 anathematizanturt
1774 4800 1811 4862 15
1838 4799 1886 4878 qui

264 4893 355 4956 naris
377 4903 405 4956 et
431 4897 597 4977 priuilept'i
618 4898 831 4961 Ecclesiarnm
846 4901 965 4977 insili,
990 4921 1055 4966 mo·
1110 4902 1297 4976 statuto,osl
1309 4901 1535 4974 ordinationes,
1552 4901 1712 4980 inpenere,
1725 4898 1813 4960 aelia
1827 4915 1888 4977 spe·

265 4994 414 5074 liuntur,
444 4999 571 5080 expedit
598 5000 683 5081 qaod
715 5020 773 5082 per
801 5001 999 5083 dilipentiam
1027 5015 1055 5067 et
1111 5006 1168 5078 sie,
1185 5002 1440 5084 quouisqsaesito
1464 5002 1570 5063 colore
1592 5010 1817 5081 ontproetectu
1839 5015 1886 5058 or·

264 5099 488 5161 auctoritatem
525 5098 608 5164 sedis
636 5101 818 5182 apostolicae
846 5121 913 5184 qao
949 5123 1057 5167 curam
1111 5103 1302 5179 dimanarint,
1329 5100 1378 5166 ael
1395 5100 1643 5182 publicaverint,
1662 5100 1746 5164 uncle
1772 5101 1887 5162 libertas

263 5197 354 5262 babet
369 5199 583 5264 Ecclesiornm
600 5203 738 5265 omnium
750 5213 777 5266 et
789 5201 929 5278 tutelam,
945 5211 1056 5266 contra
1112 5203 1319 5268 ecclesiastica
1340 5200 1480 5274 tollitur,
1502 5219 1557 5262 sen
1574 5201 1607 5263 in
1624 5197 1734 5281 aliquo
1761 5197 1886 5266 tmditar,

266 5302 378 5364 lolium
400 5321 496 5364 ansus
522 5311 550 5366 et
577 5304 743 5368 conamina
769 5311 985 5385 opportunum
1012 5321 1058 5366 rs·
1111 5305 1159 5368 uel
1175 5305 1376 5384 deprimitur,
1388 5309 1444 5366 ont
1454 5302 1667 5382 quovismodo
1678 5303 1885 5379 restrinpitnr,

265 5403 401 5466 mediam
423 5414 617 5485 opponetur,
633 5414 669 5469 nt
685 5404 834 5470 Ecclesiae
848 5407 924 5487 ipssa
939 5407 972 5468 in
982 5405 1057 5486 ple·
1112 5425 1165 5470 seu
1177 5408 1258 5470 sedis
1280 5404 1474 5486 apostatica,
1503 5412 1559 5465 nul
1574 5419 1821 5484 quorumcunque
1841 5417 1883 5460 cr·

265 5505 411 5568 nitadine
429 5509 517 5590 jasir
555 5508 608 5570 sni
633 5515 660 5570 el
692 5507 847 5570 libertatis
878 5508 1058 5586 intepritote
1113 5507 1277 5572 cleriorum
1295 5507 1427 5590 juribus
1455 5505 1687 5587 quomodolibet
1702 5505 1823 5573 directe,
1844 5499 1885 5560 tri

268 5604 422 5684 latenter,
439 5628 474 5670 ac
491 5609 683 5672 detestabilis
699 5609 909 5689 mclipaorom
923 5609 1058 5672 audacio
1114 5609 1275 5683 indirecte,
1305 5610 1410 5682 tacite,
1438 5608 1485 5670 uel
1512 5625 1655 5687 cmpresss
1678 5603 1880 5687 praejudicant.

267 5716 294 5768 et
310 5708 642 5796 insolentinmnefario
661 5712 817 5775 temeritas
836 5711 1057 5792 propulsetur,
1113 5713 1210 5776 Porro
1237 5711 1272 5774 in
1298 5711 1426 5792 tegibus
1448 5709 1704 5774 amortizatlnnis
1720 5723 1784 5772 nna
1811 5703 1869 5766 lali

268 5829 340 5876 enas
369 5815 579 5881 intelleximus
608 5818 693 5900 quod
724 5818 756 5880 in
786 5835 880 5896 rapae
914 5817 1057 5882 l'roucin
1115 5820 1202 5880 ructa
1227 5810 1451 5892 prolecto,sed
1471 5810 1590 5884 dissuto
1614 5807 1743 5872 libertos
1756 5801 1881 5872 ecclesiu-
