4046 6460
94 471 149 534 261
336 469 432 532 PARS
452 469 508 530 tlt.
530 467 579 530 DE
599 465 846 528 19930913.-
865 467 937 527 Llll.
960 464 1040 528 itti.
1064 467 1112 527 DE
1132 466 1419 545 saeuientem,
1441 469 1520 532 ETC.
1677 469 1731 532 tit

91 577 239 642 cultates
266 583 369 638 auctae
393 582 481 636 sunt.
510 573 653 654 ideoque
676 573 742 652 jam
764 572 805 636 ab
831 571 892 635 ali·
949 572 1103 634 rationem
1121 574 1268 639 reddere.
1285 577 1385 658 Atqui
1401 585 1506 640 tamen
1522 577 1641 641 lroeceb
1656 581 1742 642 ordr-

91 686 221 758 quanto
239 682 382 755 tempore
398 673 492 736 sedes
512 673 687 752 apostolica
704 672 798 736 dictis
813 678 893 736 con·
947 670 1039 733 nario
1057 670 1272 750 dependentia
1290 678 1402 755 nequit
1418 675 1544 739 allicere
1559 684 1741 740 conventus

91 773 345 856 gregationibus
357 772 451 836 aliter
463 774 633 851 providere
644 773 750 853 coepit.
766 773 893 836 Etenim
946 769 980 832 in
1006 769 1123 833 alienis
1151 771 1349 837 dioecesibus
1374 775 1586 851 exsistentes,
1611 775 1741 838 deiecto

78 877 260 952 ,trioniales
280 875 319 937 cb
345 873 551 937 immaculato
578 875 789 955 conceptione
807 892 895 938 nun·
941 867 1181 947 jurisdictionis
1197 878 1228 934 el
1244 873 1517 950 persentiscam
1534 891 1610 936 tero
1626 873 1741 954 hujus·

77 955 235 1056 frontale,
272 977 379 1056 quoad
410 992 448 1039 ea
480 976 659 1057 presertim
693 994 767 1058 qma
791 977 893 1039 tutius
945 969 1036 1046 modi¹
1065 971 1353 1051 congregationum
1377 975 1617 1038 administratio
1643 992 1742 1055 gene·

90 1075 361 1156 congregationis
390 1074 537 1154 regimen
581 1083 801 1148 concernunt,
833 1091 894 1140 nec
946 1072 1021 1135 ralis
1035 1074 1187 1154 respiciat
1201 1077 1239 1140 ad
1254 1093 1369 1141 omnes
1384 1078 1531 1158 ejusdem
1547 1087 1739 1148 contentus,

89 1175 290 1255 respectiris
313 1183 535 1238 conventuum
555 1173 744 1252 ordinariis,
760 1193 821 1242 nec
836 1193 890 1239 or·
944 1173 1096 1253 sequitur
1128 1174 1274 1239 eamdem
1300 1176 1613 1240 administrationem
1647 1175 1740 1240 nullo

89 1276 227 1339 dinario
257 1276 374 1340 domus
414 1275 604 1360 principalis
639 1276 672 1339 in
707 1293 772 1357 qua
803 1277 893 1357 degit
946 1275 1090 1339 locorum
1115 1276 1282 1341 ordinario
1300 1285 1484 1356 competere
1509 1294 1604 1356 posse
1626 1276 1741 1339 neceb

89 1374 261 1454 generalis
297 1373 531 1454 superiorissa,
568 1375 624 1438 sed
660 1393 742 1440 sacr.
780 1393 890 1457 congr.
943 1373 1741 1457 eodependere,nisialiquidJusbanustatuerit

89 1477 313 1556 Propragandm
328 1474 635 1554 subjiciendoevisae
654 1486 742 1540 sunt.
758 1509 797 1524 -
810 1480 890 1540 ltem
943 1475 1206 1552 dependendam.
1230 1475 1365 1539 Nullum
1392 1492 1468 1565 nero
1489 1476 1544 1555 jus
1559 1477 1739 1556 quidquam

88 1591 226 1638 sorores
242 1575 360 1638 Adone
373 1577 520 1650 Pectore,
539 1595 677 1658 qrrarum
699 1579 890 1659 principalis
945 1574 1133 1653 lrrrjusmodi
1159 1576 1273 1638 statuit
1288 1576 1394 1657 quoad
1416 1575 1577 1639 dictarum
1601 1591 1739 1656 congre·

89 1680 214 1738 (lorinus
241 1686 345 1740 exstat
374 1677 564 1758 indagari,
592 1678 789 1741 cardinalem
815 1697 890 1757 prro·
942 1673 1110 1751 gatianum
1127 1661 1658 1753 generalemadministrationem.

88 1783 252 1839 tectorem
279 1777 408 1851 habent,
429 1778 483 1841 cui
500 1779 890 1860 attribuiturJ‘urisdictio
983 1774 1108 1836 ‘lilim
1131 1774 1223 1850 illini
1252 1791 1348 1853 posse
1375 1775 1505 1838 Videtur
1531 1792 1570 1838 0¹
1596 1769 1635 1837 ⁰0
1651 1775 1739 1854 q¹¹⁰l¹

91 1880 125 1940 in
147 1879 308 1959 regimine
324 1887 356 1942 et
372 1881 478 1961 pausis
495 1879 594 1944 totins
613 1883 888 1962 congregationis,
941 1876 1036 1938 dicte
1051 1876 1242 1940 monialium
1255 1878 1525 1958 «congregationes
1539 1894 1557 1940 a
1572 1877 1649 1939 sede
1663 1893 1740 1956 apo·

88 1981 169 2042 licen
194 1989 313 2043 sanctae
339 1981 427 2043 sedis
454 1980 561 2061 pranis
582 1981 689 2061 arguit
715 1982 889 2044 utilitatem
943 1973 1057 2038 stoliea
1086 1975 1139 2053 (ut
1158 1975 1394 2058 supponimus)
1419 1993 1552 2040 suarum
1577 1977 1738 2040 constitu·

89 2082 249 2142 nedicunt
263 2080 644 2162 necessitatem-alicujus
661 2083 818 2163 pontificii
835 2085 891 2146 de·
940 2075 1067 2138 tiouttm
1094 2093 1154 2140 seu
1186 2077 1370 2158 regularum
1392 2076 1655 2157 approbationem
1678 2076 1739 2138 ob·

90 2179 194 2257 tegani
219 2179 255 2244 in
282 2180 516 2244 omnasslmut
544 2181 693 2261 ejusdem
716 2199 893 2266 congrega.
944 2175 1115 2240 tinuerint.
1155 2179 1282 2240 Etenim
1322 2178 1383 2241 hue
1417 2177 1489 2256 ipso
1521 2178 1609 2258 quod
1641 2179 1737 2240 sedes

90 2279 196 2339 tierris
215 2277 673 2358 conventusjurisdictionem
692 2280 853 2344 habentis.
941 2277 1118 2356 apostolica
1147 2277 1309 2358 ejusmodi
1339 2275 1591 2344 constitutiones
1621 2293 1737 2357 appro-

132 2379 191 2440 l'l.
209 2380 265 2441 llis
285 2379 472 2458 premissis,
488 2378 567 2461 quid
584 2379 711 2462 dejure
725 2382 890 2446 communi
941 2374 1006 2450 bet,
1030 2377 1097 2440 nult
1123 2377 1184 2440 hoc
1205 2379 1278 2457 ipso
1299 2378 1583 2458 congregationem
1600 2380 1639 2440 ad
1658 2395 1736 2440 rior·
1821 2397 1822 2400 ¹

90 2479 247 2541 rideatur
260 2480 344 2542 circa
364 2479 509 2560 prelatas
527 2475 744 2558 difficultates,
761 2483 890 2562 oriendo
942 2489 1024 2536 ¹¹1⁸OE
1039 2491 1152 2538 iilum
1175 2475 1448 2538 ⁰0¹¹Slil⁰ll⁰l¹⁰ffl
1471 2475 1627 2539 0¹⁸i⁵¹0l⁰
1640 2490 1756 2554 P⁰⁸⁵⁰·

91 2578 185 2640 nanta
196 2577 478 2658 sedisapostolicae
489 2582 889 2664 exstatdispositioquoad
940 2590 977 2636 δῦ
1000 2574 1080 2654 tegi·
1103 2567 1187 2656 Ergo
1207 2576 1278 2638 vult
1300 2592 1319 2638 t
1344 2576 1436 2639 nullo
1461 2575 1613 2652 impediri
1641 2591 1736 2655 prosse

89 2679 236 2758 aliapram
253 2679 415 2759 ejusmodi
431 2681 742 2762 congregationem?
757 2705 772 2740 s
789 2683 889 2748 Dictis
941 2691 991 2751 ec,
1011 2676 1084 2738 Sine
1108 2675 1239 2757 ultibus¹
1257 2683 1341 2738 sture
1370 2677 1483 2756 nequii
1512 2675 1738 2755 congregatio-

91 2779 416 2858 rongregnlionibus,
442 2780 504 2844 sub
529 2780 629 2845 unius
653 2784 890 2863 generaliggu.
941 2777 993 2838 nis
1032 2777 1140 2840 unilns
1169 2785 1201 2840 θῑ
1239 2778 1512 2842 constitutionum
1542 2777 1734 2840 substantie.

93 2881 284 2958 periorlsse
299 2881 458 2962 regitanae
477 2885 682 2963 consulatis,
708 2897 890 2968 compatere
940 2879 1009 2940 ram
1029 2894 1105 2942 vero
1122 2877 1284 2958 imprimis
1297 2879 1337 2941 aa
1358 2879 1390 2941 id
1406 2879 1625 2941 necessarium
1642 2876 1735 2940 vide·

92 2981 228 3043 nidetur
247 2982 341 3062 plena
356 2994 387 3046 et
404 2984 502 3048 libera
520 2987 566 3050 rei
584 2989 771 3068 temporalis
787 2987 890 3052 admi·
941 2989 1011 3058 tur,
1041 2991 1076 3046 ut
1103 2982 1150 3046 rei
1181 2982 1369 3062 temporalis
1400 2981 1641 3044 administratio
1670 2997 1735 3042 mm

93 3081 270 3156 nistratio,
295 3092 428 3163 excepta
456 3101 586 3166 semper
614 3086 830 3152 immobilium
856 3095 888 3151 et
942 3093 1004 3146 stet
1024 3101 1124 3163 penes
1142 3083 1349 3162 singulorum
1364 3090 1584 3145 conventuum
1602 3081 1736 3143 oralina·

86 3178 269 3242 mobilium
307 3182 522 3260 pretiosorum
561 3186 781 3261 alienatione,
816 3207 890 3269 quae
942 3183 1738 3266 rios.»(u.Boura,bojarereput.,t.tt,p.3‚uo

91 3277 166 3342 fleri
195 3280 309 3362 nequit
332 3283 455 3364 absque
480 3287 684 3367 beneplacito
698 3288 889 3368 apostolico,
943 3291 1075 3363 etseq.)

94 3388 130 3440 ut
147 3381 270 3444 aliatum
292 3391 352 3446 est.
370 3419 409 3430 -
431 3386 557 3449 Etenim
580 3388 759 3451 dominium
785 3389 891 3452 bono·
982 3388 1130 3448 Attamen
1155 3408 1170 3443 a
1196 3386 1322 3448 ratione
1342 3383 1454 3448 delicti
1473 3385 1507 3447 in
1528 3382 1737 3446 administra·

94 3498 169 3541 rum
186 3481 226 3542 de
244 3485 365 3562 quibus
390 3485 509 3566 agitur,
535 3498 595 3552 stat
618 3491 772 3570 primario
791 3509 891 3570 penes
942 3486 1030 3548 tione
1045 3487 1223 3562 rorumissi,
1239 3486 1479 3549 administratio
1495 3483 1659 3548 herennii
1674 3483 1737 3548 sub

93 3585 891 3670 surnmmnpontilicem;secundoriopenesipsarn
934 3587 1194 3668 jurisdictionem
1211 3588 1370 3651 ordinarii
1394 3610 1402 3650 a
1427 3589 1514 3649 unde
1535 3595 1636 3666 potest
1660 3595 1737 3648 inam
1791 3641 1795 3647 .

93 3687 400 3763 congregationen13
421 3690 609 3754 nullatenus
629 3709 706 3755 vero
723 3709 821 3771 penes
837 3711 891 3756 or·
942 3687 1129 3750 ordinarius
1153 3689 1193 3750 de
1214 3688 1496 3751 administratione
1527 3702 1734 3764 cognoscere,

93 3780 274 3846 dinarium.
291 3787 393 3866 igitur
405 3788 527 3870 dejure
540 3791 778 3855 administratio
790 3793 893 3854 dicto-
942 3801 973 3849 et
992 3783 1147 3851 excessus
1165 3805 1328 3852 coercere.
1346 3810 1361 3846 n
1377 3787 1473 3868 (ibid.
1493 3804 1523 3864 p.
1540 3787 1624 3866 398.)

95 3899 172 3943 rum
202 3884 362 3950 horrorum
398 3891 436 3952 ad
475 3890 577 3970 ipsam
609 3893 891 3973 congregationem
981 3903 1051 3965 vlt.
1084 3925 1099 3962 a
1129 3907 1239 3967 Perses.
1269 3904 1430 3984 ejusmodi
1467 3905 1735 3984 congregationes
1844 3901 1846 3906 ’

95 3986 253 4062 pertinet,
271 3989 325 4051 ubi
340 3989 798 4072 nullaintervenitdispositio
812 4011 893 4074 pon·
941 4011 1026 4066 stare
1051 4005 1147 4067 etiam
1179 4008 1343 4068 censenda
1376 4011 1426 4068 est
1454 4004 1555 4067 libera
1577 4003 1735 4091 leonitas,

96 4081 209 4147 lifissit·
943 4101 1100 4165 moniales
1116 4120 1157 4165 ex
1170 4120 1236 4167 uno
1251 4102 1283 4166 in
1301 4103 1401 4166 alium
1424 4107 1619 4165 concentum
1633 4109 1735 4161 trans·

142 4205 157 4239 ι
178 4185 338 4265 Equidem
355 4189 581 4253 consuetudine
596 4191 766 4255 inductum
783 4201 831 4257 est
857 4201 892 4256 ui
941 4201 1080 4276 ferendi,
1108 4203 1238 4284 alioque
1267 4201 1455 4284 peragendi,
1486 4218 1559 4282 quae
1584 4199 1735 4278 generale

96 4286 293 4350 tenerentur
320 4290 476 4354 moniales
504 4293 660 4356 ordinarii
696 4311 891 4358 consensum
943 4305 1043 4366 totius
1068 4307 1328 4387 congregationis
1348 4305 1491 4386 regimen
1509 4303 1698 4382 respiciunt.
1718 4324 1735 4358 ι

98 4379 219 4446 babere
237 4402 294 4464 pro
309 4389 513 4468 gravioribus
529 4392 797 4458 administrativis
812 4397 894 4458 acti·
942 4405 980 4464 Et
998 4407 1172 4469 derlnritur
1189 4426 1227 4469 ex
1244 4406 1311 4488 jam
1332 4405 1437 4470 allatis
1456 4404 1646 4469 rationibus.
1665 4403 1733 4482 (lu.

97 4477 175 4558 bus,
191 4494 289 4566 atqrre
301 4488 407 4552 eidem
424 4491 588 4556 ordinario
600 4494 891 4559 administrationis
944 4495 1021 4563 ibid.
1038 4517 1069 4580 p.
1084 4501 1168 4582 399.)

494 4797 609 4858 Srccrro
635 4797 688 4857 lli.
706 4831 741 4842 -
763 4799 806 4856 lle
834 4815 914 4858 erne
938 4789 1147 4862 annuntiarunt
1166 4815 1206 4858 tn
1227 4817 1323 4861 ranna

891 4955 927 4970 ω

383 5073 498 5132 otini
518 5075 613 5134 ltilll.
947 5083 1018 5162 plm
1038 5085 1187 5151 inlitusve
1212 5086 1478 5166 pertenentem.
1505 5089 1609 5153 Prima
1632 5099 1735 5156 creata

101 5184 140 5240 lle
156 5195 287 5256 potestate
302 5188 453 5258 eentetipeoe
469 5191 575 5272 rependi
589 5191 624 5245 nd
637 5190 772 5262 religiosos
789 5194 892 5248 orninre
945 5185 1082 5247 societas
1097 5193 1144 5248 esi
1161 5187 1318 5249 naturalis
1341 5187 1464 5250 seruilia
1483 5186 1517 5251 in
1537 5207 1599 5268 truc
1625 5207 1736 5252 neces·

420 5269 576 5330 immam·
944 5286 1029 5349 sario
1046 5293 1234 5364 potestatem
1250 5286 1481 5349 dominativum
1498 5287 1616 5350 habent
1636 5288 1733 5349 cirin
1749 5273 1753 5297 ¹

103 5364 416 5494 §idaspem-aran
441 5380 561 5454 potestas
589 5372 753 5454 semein-‘⁰⁸
777 5373 889 5445 regendi
943 5403 1090 5454 uxorem.
1115 5394 1203 5464 prater
1222 5385 1254 5450 in
1273 5386 1390 5450 filium.
1416 5389 1560 5452 Diversae
1575 5387 1735 5452 lrurnnna·

252 5455 267 5492 ³
312 5455 453 5511 “¹⁸¹⁰⁵⁰⁸
476 5443 587 5498 ⁰¹⁰¹¹¹⁰⁵
612 5451 742 5514 mm·
943 5499 1015 5546 rum
1037 5485 1225 5546 societatum
1246 5483 1359 5548 iormte
1382 5488 1485 5550 rarius
1515 5487 1657 5550 elliciunt
1676 5505 1735 5550 na·

143 5569 168 5630 l.
187 5569 274 5631 bens
297 5570 416 5633 crearit
441 5568 604 5634 homiuem
628 5571 768 5634 liberum
793 5580 825 5635 et
840 5588 893 5635 su·
943 5582 1067 5646 tionum
1083 5583 1331 5648 corastitutiones
1347 5595 1379 5650 et
1403 5587 1675 5667 gubernationes,
1701 5589 1735 5652 iu

102 5668 230 5732 aielem.
263 5672 306 5734 lix
334 5687 374 5732 eo
398 5671 485 5750 quod
511 5673 608 5735 bomo
630 5673 672 5736 sit
695 5680 806 5736 natura
833 5689 891 5736 ens
942 5683 1064 5763 quibus
1079 5701 1118 5748 ex
1137 5684 1274 5763 ipsamet
1289 5687 1335 5750 rei
1352 5696 1465 5752 natura
1480 5698 1586 5752 rector
1600 5705 1658 5752 seu
1676 5709 1736 5770 gn·

102 5770 244 5846 sociale,
277 5770 393 5852 nequit
419 5767 575 5836 edsistere
604 5782 767 5854 totamque
801 5791 890 5836 snam
942 5782 1091 5846 bernator
1116 5793 1305 5864 peotestatem
1328 5783 1559 5855 'domitianum
1585 5790 1676 5856 lrabct
1700 5791 1735 5855 in

104 5879 250 5936 naturam
264 5873 425 5954 explicare
442 5874 505 5938 nisi
522 5876 555 5938 in
571 5876 711 5956 qrrodam
729 5878 891 5942 societatis
942 5882 1280 5963 crrjnsqnesorietatis
1297 5887 1450 5953 membru.
