4004 6458
66 403 116 469 tet
342 405 440 470 Paua
455 407 506 477 lv.
527 408 578 472 DE
596 407 736 472 ababa.
747 433 783 448 -·
801 407 875 472 tta.
896 407 951 472 XI.
972 407 1020 470 DE
1040 407 1141 471 tutta
1160 407 1380 471 LlTURGlCO.
1622 362 1691 474 bb!

64 515 197 596 virgines
211 513 362 598 anuplis,
379 516 528 582 monachi
545 518 795 582 aeneatoribus.
811 518 846 582 ln
902 514 1089 581 castitatum
1105 524 1136 581 et
1151 521 1269 580 atrtaaa
1280 516 1351 582 sire
1364 533 1469 580 maara
1481 519 1696 598 comprehen-

63 616 162 682 media
178 617 255 679 aaut
267 623 334 680 erat
349 615 451 692 ambo,
481 617 541 682 hcc
555 626 605 684 est
620 617 712 684 locas
728 618 847 694 editas,
902 617 1010 684 debat.
1028 616 1220 686 Vestibulum
1245 625 1312 684 erat
1326 621 1451 699 mimus
1472 621 1597 698 aditus,
1612 623 1695 688 iater

62 721 98 784 ad
116 736 209 800 quem
229 735 286 797 per
312 718 431 798 gradus
459 720 585 798 patebat
615 737 782 797 ascensus,
813 718 848 784 ia
902 733 1000 796 quem
1015 718 1228 784 eteoclesiam
1243 718 1416 798 augustias
1434 729 1610 802 acceptam,
1627 741 1695 786 me·

62 839 163 902 eoque
175 821 299 884 stabant
311 828 458 884 cantores
473 831 503 885 et
519 822 674 896 lectores.
704 823 762 904 qai
780 821 850 902 epi·
903 815 954 880 dia
970 823 1037 880 crat
1052 834 1126 882 area
1142 817 1361 893 cicestriam,
1381 819 1471 884 locus
1487 823 1621 898 scilicet,
1638 841 1693 888 cu·
1715 863 1718 870 -

62 922 433 1002 stalasatqaeerangelia
451 923 647 1003 legebanl,el
663 924 849 1006 incaleliatn
900 914 955 994 jtts
971 916 1114 978 medium
1132 918 1450 990 studiositatem
1466 938 1539 984 teta
1555 934 1696 1000 artataot

63 1023 208 1104 diptycha
225 1025 453 1088 recitabantur.
471 1047 486 1084 a
905 1015 1082 1092 porticibus
1094 1015 1315 1096 cingebantur.
1324 1019 1421 1082 Erant
1437 1020 1469 1082 in
1487 1019 1695 1102 irredioaqaae

101 1127 170 1188 vtt.
186 1146 201 1181 «
217 1123 323 1186 Tertia
338 1131 368 1186 et
386 1125 495 1188 tactus
520 1125 725 1206 antiquarum
749 1125 850 1191 eecle-
904 1114 1139 1190 sitientissime
1158 1117 1459 1195 paetereunter
1483 1127 1538 1182 aut
1553 1122 1694 1194 concae,

62 1226 178 1288 siarum
206 1241 279 1302 pers
296 1229 362 1287 erat
388 1225 617 1301 sanctuarium,
646 1226 732 1307 qaod
748 1225 850 1290 Greci
904 1216 961 1280 ubi
973 1215 1149 1280 Christiani
1167 1218 1320 1299 templum
1337 1220 1514 1299 ingressuri
1535 1239 1649 1284 manas
1665 1228 1697 1287 et

61 1325 367 1406 armasppettabanr,
385 1328 488 1390 Locus
510 1327 562 1390 1110
576 1327 679 1407 sepiis
696 1329 851 1392 eamean.
905 1313 1697 1396 celerabant,uudeususaqarabenedictrerepe·

62 1426 149 1490 cellis
165 1425 385 1499 muniebatur,
397 1433 432 1488 at
445 1442 530 1490 nunc
546 1425 851 1500 munitur,nelaicis
906 1410 1024 1474 tendas
1036 1420 1096 1474 0⁸¹·
1115 1433 1131 1471 ὓ

63 1529 97 1589 gd
112 1543 186 1590 gum
204 1527 541 1605 pgtepgtgdilugffiffln
560 1543 648 1591 ggcpg
662 1527 764 1590 officia
781 1545 853 1606 pgr.
945 1511 1002 1574 xl·
1034 1535 1049 1570 a
1076 1513 1195 1576 caelel'll
1222 1511 1353 1578 aedilicia
1385 1513 1505 1576 circum
1529 1515 1697 1584 ebbldbldffl

62 1625 246 1704 agebantur.
271 1622 412 1687 Cancelli
445 1631 535 1688 erant
567 1627 704 1706 portulis
731 1625 851 1706 peruiis
906 1616 1049 1697 generati
1093 1615 1282 1678 caedrorum
1323 1616 1457 1680 nomiae
1488 1619 1697 1692 vocabantur.

63 1725 204 1804 portatas
237 1731 344 1788 autem
373 1731 404 1788 et
422 1723 523 1806 spatia
539 1725 754 1788 cancellorum
784 1725 853 1790 vela
906 1737 1008 1801 eaque
1029 1727 1121 1783 eraut
1144 1719 1376 1798 baptisterium,
1403 1722 1606 1784 secretariam
1629 1722 1700 1786 sire

60 1827 206 1908 qrrmdam
224 1826 427 1904 obtegebant.
444 1826 598 1904 Suprema
617 1833 854 1906 parscaactua·
907 1822 1108 1894 diaconicon,
1144 1819 1403 1902 pastophoriam,
1436 1821 1556 1894 schola,
1585 1822 1702 1888 biblio·

60 1923 102 1982 rit
121 1921 210 2001 apsis
231 1920 409 1996 dicebatur,
426 1921 596 1988 edificium
611 1922 732 1988 scilicet
752 1923 852 1986 semi·
907 1922 1004 1986 theca.
1030 1955 1068 1968 -
1090 1921 1316 2002 baptisterium
1347 1927 1414 1986 erat
1446 1924 1525 1988 satis
1555 1925 1700 2002 amrrluer

60 2021 323 2086 circulilorraam
346 2020 524 2096 exhibeas,
550 2023 605 2088 ubi
626 2023 760 2089 thronus
783 2025 853 2105 epi·
908 2024 1079 2088 editicium
1117 2039 1154 2087 ac
1187 2021 1314 2085 duabus
1348 2022 1513 2088 constabat
1542 2025 1701 2103 partibus,

60 2124 162 2202 scopi,
183 2124 344 2206 sedesque
366 2133 541 2201 erant,seu
564 2125 670 2191 throni
686 2127 856 2208 presbyte·
910 2125 1084 2202 uestibulo,
1102 2124 1136 2188 ia
1154 2140 1220 2204 quo
1247 2122 1469 2186 catechumeni
1498 2124 1703 2192 abrenuntia·

61 2241 184 2289 rorum.
202 2247 218 2284 s
910 2230 1014 2294 tiones
1031 2227 1230 2300 emittebant,
1246 2242 1282 2288 ac
1295 2227 1391 2289 domo
1408 2223 1571 2300 interiori,
1587 2228 1620 2292 in
1634 2245 1700 2309 qaia

96 2325 186 2388 vttt.
215 2327 282 2390 «la
312 2325 421 2390 medio
435 2327 652 2392 sanctuarios
670 2328 789 2408 parieta
805 2345 856 2392 se·
910 2328 1003 2393 llebat
1031 2327 1153 2392 ablutio
1183 2327 1332 2407 ritusque
1360 2329 1465 2391 ceteri
1491 2327 1522 2390 ia
1539 2329 1719 2409 baptismo.

57 2427 634 2509 iunctumerataltare,quodetiam
657 2446 728 2505 ara,
755 2448 858 2494 measa
910 2427 1043 2492 adhibiti
1090 2427 1333 2508 peragebantur.
1375 2425 1582 2492 mascarum
1633 2430 1702 2494 siae

60 2545 167 2602 serra,
198 2537 344 2592 sanctum
373 2538 555 2593 sanctorum
593 2530 722 2595 dicitur.
759 2531 858 2594 lnitio
912 2529 1099 2594 diaconicon
1126 2521 1217 2592 locas
1244 2536 1322 2600 erat,
1351 2528 1384 2590 in
1410 2546 1476 2608 quo
1498 2530 1704 2596 sacraiadu·

61 2628 185 2708 lignea,
204 2635 238 2690 at
264 2628 453 2706 plurimum,
481 2634 579 2691 eraut.
598 2628 723 2702 altaria,
739 2629 858 2692 deinde
913 2635 1031 2698 menta.
1065 2643 1157 2704 rasa,
1176 2645 1212 2690 ac
1238 2627 1360 2708 reliqua
1388 2627 1533 2696 ecclesiae
1557 2629 1703 2712 supellex

61 2727 185 2806 lapidea
208 2727 288 2793 lacta
311 2733 408 2801 suut;
431 2736 586 2808 erantque
601 2730 697 2792 etiam
714 2729 747 2790 in
779 2728 858 2792 locis
912 2731 1135 2802 servabantur.
1155 2728 1400 2808 Pastaplrcrc'uur
1415 2729 1565 2809 gencrale
1585 2746 1703 2794 ttamen

63 2828 287 2906 compluribus
332 2845 415 2892 auro
451 2835 652 2910 argentoque
696 2837 857 2907 cooperta.
914 2837 975 2902 est,
998 2845 1062 2910 quo
1092 2827 1193 2891 malta
1224 2826 1706 2907 significantar3sedatptari·
1794 2857 1798 2868 ·

64 2930 167 2992 linum
197 2928 229 2990 lu
259 2927 380 2992 Graecis
412 2930 559 2994 ecclesiis
590 2938 657 2994 erat
686 2929 860 3005 altare,uti
914 2927 1162 3007 maiadesiguat
1181 2923 1705 3006 adiecta,qaastabaatabutr'o-

64 3047 151 3096 nanc
168 3030 266 3096 etiem
281 3037 329 3096 est
338 3049 348 3107 ;
363 3033 419 3096 sed
439 3031 542 3095 Latini
555 3031 620 3113 jam
636 3032 760 3096 iudeab
775 3033 861 3097 cati·
914 3047 978 3110 que
1005 3028 1149 3094 ecclesias
1164 3031 1261 3092 tatere
1278 3027 1318 3092 ad
1341 3027 1577 3094 extremitatem
1600 3031 1706 3094 crien-

63 3131 235 3212 quissimis
257 3132 456 3212 temporibus
477 3133 572 3214 plura
594 3131 628 3194 in
646 3148 709 3195 uua
725 3131 860 3196 ecclesia
914 3127 1024 3203 talem,
1051 3135 1083 3192 et
1100 3127 1270 3192 custodum
1291 3142 1327 3190 ac
1357 3127 1580 3190 ministrorum
1596 3127 1707 3208 templi

63 3229 178 3294 altaria
194 3229 313 3296 babere
329 3237 583 3296 consueverunt.
605 3231 713 3296 attare
727 3232 860 3311 obtege·
914 3229 1128 3294 domicilium.
1145 3227 1260 3292 Schata
1273 3235 1304 3292 et
1324 3227 1511 3295 bibliotheca
1523 3228 1614 3305 locus
1627 3235 1707 3306 erat,
1753 3249 1756 3254 ·

63 3331 115 3394 bat
134 3331 286 3406 linteam,
303 3332 540 3412 atqueornahat
557 3330 730 3407 ciborium,
741 3338 861 3396 etcrux
915 3329 950 3394 in
965 3345 1031 3410 quo
1050 3326 1149 3392 animi
1165 3326 1280 3391 litteris
1297 3331 1395 3406 etque
1408 3327 1564 3392 doctrinis
1581 3327 1709 3394 excole·

63 3430 94 3491 in
108 3444 152 3492 eo
182 3429 297 3504 stabat,
313 3436 344 3493 et
370 3445 471 3510 prope
502 3447 628 3494 crucem
658 3447 699 3494 ex
724 3437 861 3512 utraque
916 3431 1045 3493 bantur.
1064 3451 1081 3487 s
1100 3429 1248 3509 (Datum.
1271 3428 1418 3492 lectitat.
1432 3429 1577 3494 saccale.
1597 3429 1654 3496 lib.
1670 3447 1706 3501 n,

66 3527 168 3594 latere
184 3529 387 3606 candelabra,
404 3547 477 3614 que
499 3531 665 3606 ardebant,
680 3529 756 3596 dum
772 3547 862 3598 sacra
917 3530 1024 3601 titan,
1045 3526 1259 3608 procamium.)

67 3631 350 3710 peragebantur.»
387 3677 391 3684 .

102 3733 165 3795 lx·
184 3753 201 3793 «
219 3733 279 3796 vix
304 3733 390 3798 unus
406 3749 440 3797 m
458 3731 697 3814 antiquissimis
713 3733 860 3798 ecelesiis
936 3711 950 3785 fi
971 3707 1199 3768 lle-Datami!
1214 3709 1522 3768 ceclesltsetorstorils
1538 3711 1689 3772 hodiernis.

65 3851 233 3898 sacrarum
248 3835 423 3916 imaginum
437 3837 630 3902 usaslulsse
645 3838 782 3910 ridetur,
793 3837 862 3900 h'on
955 3839 981 3900 l.
1006 3838 1094 3902 luter
1110 3837 1263 3901 ecclesias
1291 3838 1362 3901 alite
1378 3839 1522 3902 matrices
1542 3839 1707 3917 dicuntur,

65 3937 156 4000 eninr
196 3931 257 4002 eos
293 3938 440 4004 adhiberi
482 3940 665 4020 patiebatur
692 3947 724 4004 et
760 3939 862 4018 prisca
917 3938 994 4020 qraia
1031 3937 1205 4002 maltorum
1230 3938 1364 4001 aliarum
1393 3938 1514 4017 quibos
1534 3938 1627 4001 tidem
1647 3949 1709 4003 tre·

65 4035 326 4102 Christianorum
345 4049 526 4118 paarrertas,
545 4047 575 4104 et
593 4047 737 4104 veterum
752 4039 864 4104 lormi·
916 4044 1080 4106 duxerant
1094 4038 1193 4104 veluti
1206 4047 1322 4104 matres
1335 4044 1367 4100 et
1383 4039 1557 4117 genitrices
1577 4041 1709 4104 exstite-

65 4137 259 4198 dclcsorum
291 4145 470 4219 temporum
501 4139 599 4212 ratio,
626 4147 658 4204 et
687 4137 861 4220 petulantia
918 4149 1056 4218 rant,eu
1075 4139 1207 4203 neruine
1224 4139 1362 4219 primum
1385 4137 1709 4218 solaecclestasapa·
1785 4207 1788 4214 ,

66 4235 288 4312 ethnicorum,
306 4239 445 4320 quiillos
468 4239 561 4304 lacllc
577 4241 726 4304 deridere
741 4250 771 4304 at
783 4257 861 4304 cou-
917 4243 1051 4312 statice,
1070 4258 1128 4304 seu
1144 4239 1185 4302 ab
1201 4238 1357 4318 apostolis
1376 4239 1559 4304 immediate
1571 4239 1716 4304 luridatua

66 4345 218 4400 tenrnerc
240 4341 535 4418 paterenthccedit
551 4353 581 4404 et
598 4342 660 4406 elia
675 4340 864 4423 ratic,qaod
918 4343 1139 4408 condecoratas
1153 4341 1305 4414 suntsed
1318 4349 1427 4419 postea
1445 4340 1523 4403 illud
1541 4359 1657 4406 nomen
1669 4344 1708 4406 ad

66 4435 135 4500 illae
173 4437 332 4517 imagines
357 4440 498 4519 elianam
537 4440 620 4505 torte
651 4441 863 4506 offensionem
918 4443 1302 4508 cathedralesextensam
1329 4442 1483 4519 est,auin
1506 4451 1537 4502 et
1564 4445 1600 4504 ad
1624 4445 1709 4521 ipsas

66 4539 188 4602 efferre
203 4545 347 4614 poterent
363 4541 512 4616 ethnicis,
525 4542 583 4623 qui
600 4541 718 4606 Christi
735 4543 865 4622 religio·
919 4543 1131 4627 parochiales,
1155 4557 1213 4606 seu
1242 4539 1379 4620 majores
1405 4541 1613 4621 baptismales
1637 4563 1711 4626 atros

66 4655 147 4702 nem
165 4641 453 4718 amplectebantur.
468 4643 527 4706 Sed
545 4662 654 4708 euersa
672 4643 862 4720 idololatria,
921 4647 1104 4709 subearum
1122 4644 1311 4707 auctoritate
1327 4642 1404 4704 elias
1420 4642 1638 4720 aliquomodo
1657 4648 1712 4712 ha·
1793 4635 1797 4643 ’

70 4741 866 4822 latequeditiusaetconstitutaChristianareli·
919 4747 1048 4812 hebeat.
1078 4745 1243 4826 (clement.
1274 4745 1375 4818 l,1ls
1406 4754 1537 4810 scateat.
1571 4768 1710 4820 earam,-
1817 4783 1822 4792 ·

28 4843 35 4854 '
68 4844 183 4922 gioae,
199 4860 295 4906 sacrm
317 4844 489 4926 imagines,
514 4855 569 4910 aut
598 4849 718 4928 pictura
731 4856 787 4914 aut
802 4858 866 4916 ste·
921 4848 1067 4913 Tridsct.
1084 4847 1229 4922 sessbl,
1246 4863 1274 4910 c.
1286 4846 1319 4921 'l,
1346 4847 1524 4928 &retorsa
1538 4851 1582 4911 Er
1599 4836 1713 4915 edver-

68 4945 139 5006 tais
157 4959 331 5022 expresse,
344 4945 489 5010 adhiberi
507 4956 713 5025 caeperunt.»
922 4967 972 5021 so,
988 4948 1140 5013 Ecclesia
1157 4965 1231 5027 que
1248 4965 1264 5009 a
1284 4947 1470 5010 matricibus
1492 4961 1598 5014 ortum
1630 4955 1711 5016 acci·

108 5045 265 5108 Attamen
289 5046 447 5125 imagines
465 5049 763 5130 picturaerpressra
779 5069 869 5132 repe·
921 5050 1073 5131 plantet
1094 5048 1134 5112 ab
1159 5049 1207 5111 eis
1222 5047 1361 5129 aliqrrem
1377 5048 1627 5128 dependentium
1645 5072 1713 5116 ser·

68 5149 208 5210 rimatur
223 5148 257 5210 in
274 5137 426 5212 llumaa'is
448 5151 639 5214 catacumbis
653 5169 711 5216 sca
725 5154 867 5234 antiquis
921 5157 997 5214 rant
1021 5147 1135 5229 filiales
1159 5157 1244 5211 reeta
1270 5147 1437 5212 dicuntum
1461 5171 1476 5205 a
1508 5149 1596 5228 (Arg.
1620 5167 1648 5213 c.
1663 5150 1714 5215 Ad

68 5249 283 5322 coerueleriis,
304 5249 337 5315 ia
357 5251 478 5330 qulbus
507 5259 632 5316 exstant
649 5253 745 5318 multa
764 5263 869 5318 orato-
922 5248 1129 5322 coclearium,
1147 5247 1190 5308 Dc
1204 5244 1339 5309 ecclesiis
1353 5247 1570 5329 aedificandis.)

70 5349 133 5424 ria,
170 5346 225 5410 abl
252 5367 308 5427 per
335 5350 394 5412 trie
425 5354 529 5431 priora
547 5352 663 5416 secula
689 5363 868 5418 conventus
965 5349 1008 5414 ll.
1035 5370 1051 5407 s
1081 5347 1286 5412 cathedrales
1307 5357 1460 5410 taceatur
1484 5351 1629 5414 ecclesie
1651 5351 1712 5414 illae

69 5467 154 5514 suos
172 5455 307 5528 agebant
323 5449 500 5516 christiani.
671 5491 672 5494 =
923 5466 997 5532 que
1028 5465 1126 5529 peaes
1150 5447 1322 5510 rehaberet
1347 5447 1541 5524 cathedram,
1576 5461 1712 5530 suerat

113 5550 160 5611 X.
181 5572 195 5606 a
213 5551 398 5612 exteriores
412 5550 555 5616 acclesiae
571 5560 675 5632 partes
691 5561 782 5618 eraut
793 5554 871 5618 todi·
923 5553 1089 5615 doctorum
1100 5549 1238 5626 insigne,
1255 5547 1462 5628 signillcatur.
1475 5551 1606 5621 limaci
1618 5553 1719 5617 tillidi)

71 5649 163 5722 tmia,
182 5649 306 5730 quaead
322 5667 390 5714 eam
419 5653 631 5729 pertinebant,
649 5654 708 5718 sed
728 5655 871 5720 sceleste
923 5655 1032 5728 dictis,
1057 5660 1109 5716 est
1126 5651 1242 5714 matrix
1268 5655 1301 5714 et
1332 5650 1480 5731 princeps
1501 5653 1712 5716 ecclesiarum

72 5749 261 5830 angustiori
276 5766 375 5816 sensu
393 5761 527 5832 accepte
549 5753 726 5832 parietibus
741 5771 807 5818 non
820 5756 871 5819 iu·
926 5755 1025 5822 totius
1041 5750 1194 5819 diaecesis
1209 5757 1242 5816 et
1262 5759 1407 5815 centrum
1423 5753 1713 5817 communionisin

72 5847 307 5939 debebantur.
321 5848 483 5918 Tallrerat
500 5851 641 5944 scateam
654 5852 801 5936 aartlrca,
812 5854 870 5937 uui
928 5863 995 5924 tota
1011 5853 1118 5938 ipsius
1132 5852 1269 5935 ambite,
1285 5861 1317 5922 et
1329 5853 1359 5921 si
1372 5852 1435 5921 aab
1452 5853 1616 5925 schabest
1634 5853 1714 5922 alias
