4008 6460
275 387 330 454 168
786 371 900 436 tttttts
918 361 1095 432 CANONICI
1110 358 1375 424 mastauron.
1852 346 1911 412 m

276 491 896 580 611116616666666161166661616666
920 497 1059 563 pauper·
1114 474 1220 552 quoad
1250 473 1395 551 culparn;
1436 485 1542 548 nequa
1575 464 1661 529 enlm
1702 467 1911 544 peccatorum

278 602 363 673 tatis,
380 595 532 662 eastitatis
560 601 591 658 et
609 589 814 663 obedientie,
833 587 875 648 ita
902 592 937 646 ut
954 595 1062 660 nequa
1113 572 1224 653 culpas
1239 572 1338 647 delet,
1354 587 1428 634 666
1444 567 1570 634 666611
1582 569 1837 634 sacramentum
1851 560 1912 624 sed

278 697 534 782 pontiiexiacere
545 693 656 774 666611,
668 699 702 754 61
714 687 880 770 professus
892 681 1064 762 religiosus
1113 673 1220 754 quoad
1237 689 1379 752 paenam,
1395 669 1423 732 si
1446 669 1598 750 prolitens
1614 675 1692 728 tuuc
1711 663 1755 726 sit
1771 662 1806 771 in
1821 669 1913 722 statu

279 811 416 876 maereat,
445 809 477 864 et
505 798 677 862 observare
696 801 770 856 rota
786 805 851 853 non
871 794 1029 850 teneatur.
1049 803 1064 838 ι
1115 773 1287 854 geilimer
1310 768 1513 850 poenaeillins
1538 771 1645 828 reatus
1666 768 1914 830 consularius

230 928 237 938 ¹
280 902 420 982 ((1.6616
432 899 472 962 66
484 895 755 968 materialitate,
783 893 817 954 16
839 889 894 952 66.
913 887 1059 968 (1166161.
1115 892 1156 939 ax
1171 871 1393 952 multiplicatis
1415 868 1604 933 enormibus
1618 862 1830 928 criminibus.

237 1043 239 1049 ·
279 1003 433 1078 moncels.)
1155 975 1230 1038 llll.
1249 973 1391 1035 «1116166
1413 971 1547 1034 allectus
1574 965 1693 1030 babent
1715 961 1815 1026 61166
1837 965 1914 1019 rota

319 1105 391 1164 ll.«
420 1100 508 1180 bigat
529 1097 711 1180 professum
738 1091 905 1173 religioni,
928 1095 960 1151 et
985 1086 1067 1148 hanc
1117 1077 1279 1157 simplicia
1293 1073 1456 1138 societatis
1472 1073 1562 1143 lesu,
1576 1073 1647 1143 post
1661 1062 1835 1126 biennium
1856 1074 1916 1120 66-

281 1201 437 1284 prulesso,
455 1201 500 1262 ita
528 1188 1065 1274 61666661666616661161661616,
1117 1177 1248 1239 vitiatus
1275 1173 1357 1238 editi
1382 1171 1487 1234 solita.
1510 1166 1733 1246 decipiuntur
1754 1161 1915 1224 duntaxat

281 1317 339 1362 nee
355 1301 423 1362 sola
438 1299 618 1378 religionis,
636 1289 743 1374 neqrie
760 1301 873 1358 mutuo
893 1289 1067 1368 utriusque
1117 1276 1287 1357 sequentia
1298 1299 1307 1337 e
1318 1277 1347 1338 1.
1362 1276 1431 1336 Noa
1460 1270 1545 1334 euim
1561 1259 1913 1330 indurantabsotutam

280 1415 443 1463 consensu
460 1399 594 1462 dissolvi
613 1397 724 1478 possit.
742 1418 758 1453 a

323 1502 376 1564 111.
394 1500 558 1564 'transient
575 1515 743 1576 personam
760 1492 896 1575 professi
912 1491 1066 1555 166661·

282 1602 385 1670 6166,
405 1610 437 1664 61
456 1607 644 1681 potestatem
672 1595 852 1675 religionis,
879 1600 911 1655 et
934 1589 1067 1670 religio·

283 1717 357 1764 nem
374 1698 516 1764 vicissim
530 1697 663 1775 obligat,
676 1703 712 1757 ut
727 1693 820 1756 illum
836 1690 909 1763 alat,
923 1691 1068 1761 retineat,

283 1807 380 1881 atque
396 1794 430 1861 ut
449 1798 551 1861 lilium
568 1793 691 1860 tractet.
721 1797 722 1801 ’

325 1902 409 1964 111.ι
440 1901 499 1962 Per
521 1915 590 1961 earu
613 1895 714 1976 patria
736 1900 878 1975 potestas
905 1891 939 1951 in
965 1888 1088 1952 61166·

283 2000 464 2081 66166666
480 1997 629 2069 solritur,
641 1996 746 2075 quoad
760 2010 808 2068 ea,
827 2009 911 2072 666,
924 1990 1070 2072 66616666

284 2099 452 2173 6666666,
479 2106 510 2161 61
541 2097 692 2175 religioni
723 2091 948 2174 praeiudiciosu
975 2098 1070 2165 sunt;

284 2211 357 2258 666
371 2195 475 2274 quoad
492 2211 541 2267 ea,
563 2211 636 2274 quae
651 2193 781 2273 utrique
798 2190 889 2253 utilia
910 2198 997 2264 sunt,
1016 2206 1071 2267 pa·

283 2297 344 2360 tria
372 2302 509 2375 potestas
536 2301 660 2369 manet,
684 2313 736 2367 ne,
760 2293 846 2374 quod
872 2293 913 2355 ab
937 2293 1070 2371 gratiam

283 2397 347 2476 ipsi
364 2397 562 2472 conceditur,
579 2397 612 2459 in
632 2397 703 2476 ejus
719 2393 929 2472 dispendium
957 2395 1069 2457 detor·

283 2506 421 2576 queatur
436 2506 548 2558 contra
560 2496 702 2575 rapulam
724 2493 774 2568 61,
795 2495 829 2555 16
847 2495 878 2556 6.

314 2595 512 2670 ,1.11616661
536 2592 806 2672 irregularitatem
828 2599 928 2654 ortam
945 2607 985 2652 cx
1012 2590 1071 2654 66-

283 2692 369 2756 16616
391 2691 558 2766 66161166,
587 2690 633 2752 116
665 2700 699 2752 61
717 2688 895 2769 proieesus,
910 2688 986 2750 lieet
1000 2705 1073 2768 pro·

284 2801 410 2856 creatus
424 2793 466 2854 sit
481 2809 522 2856 ex
540 2791 716 2855 concubitu
730 2797 869 2870 utroque
886 2790 962 2869 jure
979 2790 1072 2850 darn·

285 2899 371 2964 nato,
389 2889 428 2951 ad
443 2890 495 2952 SS.
516 2889 659 2962 ordines,
688 2897 720 2950 et
740 2887 893 2950 beneticia
919 2887 1072 2950 ecclesia·

284 2989 365 3052 stica
392 2989 583 3068 (praelaturis
611 2989 778 3063 duntaxat,
809 2999 840 3051 et
860 2987 1073 3069 dignitatibus

285 3089 439 3167 exceptis)
457 3089 529 3151 sine
542 3089 783 3169 dispensatione
797 3090 977 3170 promoveri
996 3106 1073 3166 666·

285 3185 339 3265 616
351 3197 478 3252 caeteras
490 3188 744 3268 irregularitates
757 3204 820 3253 non
830 3189 963 3269 quidem
977 3189 1072 3264 161111,

1119 1375 1423 1442 16661661111116166.
1445 1405 1485 1418 -
1503 1372 1535 1432 2.
1560 1367 1736 1430 Vinculum
1761 1379 1810 1425 ex
1828 1367 1916 1438 parta

1119 1478 1284 1542 societatis
1305 1485 1355 1541 66ι
1381 1473 1638 1539 conditionatum
1658 1467 1833 1536 duntaxat,
1851 1478 1915 1523 666

1119 1578 1317 1640 absolutum.
1348 1609 1387 1621 -
1415 1575 1446 1636 3.
1474 1575 1539 1636 lsta
1566 1570 1734 1642 emittens,
1765 1562 1917 1646 quandiu

1121 1677 1263 1759 persistit
1280 1678 1314 1740 in
1329 1677 1527 1748 6661616166
1549 1671 1651 1752 patria
1667 1673 1830 1748 potestate
1848 1663 1918 1724 exi·

1120 1777 1230 1851 ruitur,
1246 1777 1281 1838 16
1300 1776 1445 1838 666666
1460 1780 1567 1836 16666
1583 1767 1746 1842 reincidit,
1758 1764 1788 1826 61
1804 1760 1917 1824 61611-

1120 1887 1215 1941 tatur.
1252 1877 1347 1941 -1,
1380 1873 1536 1940 Similiter
1569 1889 1625 1952 per
1651 1868 1710 1932 illa
1737 1873 1815 1930 rota
1842 1871 1916 1925 6616

1121 1981 1240 2044 661666
1252 1979 1288 2043 16
1303 1978 1422 2042 666616
1437 1975 1683 2054 suspenduntur
1697 1964 1917 2032 tantumdem

1120 2081 1155 2142 16
1171 2079 1324 2144 66616616
1341 2078 1411 2158 1666
1429 2076 1582 2139 emittens
1597 2077 1723 2144 manet;
1737 2064 1916 2130 61616666

1122 2197 1197 2242 uero
1212 2181 1321 2243 66666
1337 2184 1464 2258 urgent.
1481 2208 1519 2221 -
1534 2175 1564 2238 6.
1582 2170 1732 2252 uanique
1746 2176 1822 2232 vota
1839 2165 1919 2227 616-

1123 2280 1218 2361 plicia
1232 2279 1397 2342 societatis
1419 2277 1578 2339 dirimunt
1593 2273 1728 2352 quidem
1743 2268 1919 2332 matrimo-

1122 2381 1213 2448 nium
1227 2377 1494 2452 oontrahendum,
1505 2393 1569 2439 non
1586 2383 1691 2438 tamen
1702 2377 1917 2436 contractum,

1122 2479 1182 2540 6161
1210 2485 1313 2540 ratuni
1328 2477 1493 2550 duntaxat,
1503 2474 1560 2537 sed
1574 2472 1651 2536 huie
1667 2472 1738 2549 ipsa
1752 2468 1917 2532 666661..

1122 2579 1310 2660 (Hucusque
1319 2581 1496 2642 56661666.
1509 2571 1842 2654 persultantesque.
1856 2567 1917 2628 206

1122 2675 1262 2756 662111.)

1162 2778 1251 2842 lllll.
1269 2778 1404 2840 Eosdem
1419 2776 1553 2840 6666166
1568 2774 1685 2837 babent
1703 2769 1919 2847 6616616611·

1123 2878 1302 2941 6161661116
1321 2877 1627 2958 corrgregationibus
1641 2883 1801 2955 perpetuo
1817 2871 1918 2934 emis·

1123 2993 1168 3052 sa,
1191 2977 1332 3054 exeeptis
1358 2976 1474 3038 iisdem
1505 2992 1542 3037 ac
1569 2990 1626 3054 pro
1651 2972 1807 3036 societate
1823 2973 1905 3033 1666

1124 3079 1279 3139 Preterea
1317 3082 1464 3138 rotarum
1502 3073 1701 3154 simplicium
1738 3088 1918 3151 congrega-

1122 3178 1212 3240 tione
1244 3184 1410 3255 nequeunt
1441 3176 1563 3256 absque
1598 3176 1740 3254 legitima
1765 3191 1863 3237 eausa
1889 3182 1918 3232 et

284 3288 323 3350 ad
347 3286 624 3366 dispensationem
647 3297 752 3349 tamen
769 3303 868 3366 super
892 3287 934 3348 iis
957 3303 1073 3352 conce·
1120 3283 1211 3363 J'uxta
1234 3281 1321 3362 juris
1346 3280 1478 3344 formam
1503 3278 1666 3342 dimittere
1689 3292 1768 3338 suos
1794 3272 1919 3355 profes·

284 3390 422 3453 666666
437 3387 565 3450 16611166
583 3404 712 3452 movere
728 3389 822 3452 solet.

326 3489 379 3554 vt.
396 3513 411 3547 ι
431 3490 545 3568 Purgat
561 3489 730 3562 maculam,
757 3506 815 3552 seu
839 3471 1073 3553 inhabilitatem

284 3590 323 3651 ad
338 3597 429 3652 66166
445 3587 636 3666 temporales
650 3596 751 3652 ortam
766 3605 805 3650 ex
818 3588 968 3662 crimine,
979 3609 1008 3652 r.
1024 3607 1071 3667 gr.

284 3707 325 3751 ex
342 3689 493 3769 perjurio,
511 3686 610 3763 furto,
629 3685 711 3752 lalso
723 3689 909 3752 testimonio
925 3690 1074 3768 deposito

284 3789 318 3850 16
331 3787 469 3868 judicio.

326 3889 427 3952 vlla
454 3886 568 3950 166161
593 3896 700 3950 66166
725 3888 983 3966 ingratitudinis,
1003 3909 1075 3972 quae

284 3987 325 4049 da
349 3987 423 4065 iure
457 3987 641 4050 suffecisset
672 3989 712 4050 ad
736 3989 1007 4054 exhaeredandum
1037 3992 1074 4054 6·

285 4083 377 4150 1166.
395 4087 480 4161 (Can.
497 4088 552 4151 lin.
568 4091 725 4164 66666111,
740 4096 854 4167 quaest.
870 4087 913 4169 2.)

325 4185 410 4249 vlll.
429 4209 444 4244 a
465 4186 597 4250 Dirimit
617 4179 858 4251 trratriruonium
881 4189 1075 4254 contraben-

285 4285 376 4360 dum,
395 4293 426 4349 et
440 4293 648 4363 contractum,
665 4291 693 4350 si
723 4299 826 4352 ratum
851 4291 1005 4354 duntaxat
1020 4292 1073 4367 sit,

284 4387 445 4462 dissolvit,
462 4389 557 4450 etiam
575 4389 680 4468 quoad
703 4388 883 4453 uinculum.
901 4389 948 4469 [C.
966 4393 1075 4452 Verum

282 4488 318 4560 23
339 4505 366 4552 6.
383 4489 576 4568 Republica
594 4493 624 4566 ’1,
651 4499 731 4554 616.
755 4489 810 4553 Ea·
832 4501 927 4570 porte
956 4491 1004 4566 111,
1030 4493 1074 4554 De

284 4605 426 4650 concere.
442 4589 604 4669 conjupct.

324 4689 382 4750 tx.
399 4710 414 4746 ι
432 4688 463 4751 Si
479 4690 600 4770 conjux
614 4690 648 4752 in
665 4706 742 4754 casu
762 4691 851 4754 116116
867 4701 939 4770 6661
962 4693 1072 4754 matri·

1124 3399 1198 3454 sose
1219 3383 1279 3445 boe
1293 3389 1341 3444 est
1369 3381 1457 3442 enim
1475 3378 1614 3458 speciale
1642 3374 1809 3440 societatis
1838 3376 1917 3436 lesu

1124 3483 1346 3565 privilegium.

1163 3590 1249 3650 llll.
1264 3585 1425 3650 Prolessio
1450 3583 1600 3664 religiosa
1620 3582 1728 3664 quoad
1747 3582 1916 3646 vinculum

1125 3688 1260 3752 dissolvi
1277 3693 1380 3765 potest
1397 3686 1586 3750 6661661166
1606 3681 1916 3764 66661ζ666116616.

1125 3789 1187 3854 sed
1217 3787 1384 3853 vinculum
1418 3785 1630 3866 professionis
1662 3786 1828 3866 religiose
1852 3801 1915 3847 uon

1125 3889 1316 3954 dissolvitur
1346 3905 1402 3968 per
1428 3887 1663 3966 promotionem
1686 3885 1725 3948 ad
1749 3886 1918 3964 66166666·

1126 3999 1205 4064 turn,
1225 4007 1285 4053 666
1305 4007 1361 4068 per
1382 3989 1528 4069 regimen
1546 3987 1737 4067 parochialis
1752 3985 1916 4060 ecelesiam

1125 4090 1202 4170 quia
1223 4089 1279 4153 isti
1301 4105 1360 4152 nec
1378 4088 1463 4150 votis
1486 4087 1663 4168 religiosis,
1681 4101 1741 4149 nee
1759 4085 1844 4166 juga
1868 4103 1917 4148 re·

1124 4190 1209 4272 gulae
1234 4190 1420 4262 liberantur,
1440 4189 1497 4252 sed
1519 4188 1690 4250 observare
1704 4187 1802 4248 istam
1821 4187 1915 4249 etiarn

1125 4299 1213 4356 extra
1231 4291 1378 4354 ordinem
1393 4292 1545 4370 degentes
1573 4287 1691 4350 debent
1712 4287 1748 4349 iu
1764 4284 1917 4348 omnibus

1126 4393 1181 4470 iia,
1200 4409 1274 4469 que
1287 4409 1360 4454 eum
1379 4389 1527 4470 pastorali
1545 4405 1681 4451 munere
1697 4394 1729 4450 et
1751 4386 1917 4449 laboribus

1126 4501 1262 4572 possunt
1285 4493 1476 4568 consistere,
1495 4489 1676 4570 etquidem
1703 4504 1763 4567 pro
1778 4485 1916 4566 parocho

1125 4593 1316 4657 6116161661
1333 4593 1395 4656 snb
1412 4592 1610 4674 obligatione
1628 4591 1666 4653 ad
1684 4603 1833 4670 pteaam,
1854 4587 1917 4649 166

1125 4703 1156 4758 61
1169 4693 1310 4774 661666,
1325 4695 1352 4758 si
1372 4694 1482 4773 regula
1499 4694 1544 4756 116
1562 4691 1702 4771 obliget;
1719 4696 1751 4753 et
1765 4705 1827 4769 pro
1847 4688 1917 4767 epi-

283 4789 428 4850 naonium
436 4799 693 4856 consummatum
706 4790 869 4870 professus
884 4792 1071 4872 religionem
1124 4811 1236 4875 66666,
1252 4811 1325 4857 666
1345 4794 1406 4856 hoc
1420 4794 1526 4857 solum
1544 4791 1744 4863 discrimine,
1761 4791 1853 4872 quod
1869 4806 1915 4862 66,

282 4889 336 4964 sit,
352 4890 478 4954 inducit
493 4891 667 4954 divortium
683 4891 901 4969 interipsum,
918 4894 1074 4972 atcunju·
1125 4911 1199 4974 quae
1225 4894 1381 4975 acquirit,
1404 4894 1470 4974 jam
1504 4909 1568 4956 non
1602 4891 1742 4972 amplius
1777 4889 1917 4970 acquirit

281 5003 354 5066 gem
371 4988 513 5052 relictam
529 4990 563 5051 in
579 4990 711 5064 666616,
732 4999 827 5070 prout
854 4990 1018 5072 colligitur
1034 5009 1073 5054 ex
1126 4994 1291 5072 religioni,
1315 5002 1350 5056 ut
1380 4994 1482 5073 prius,
1499 4993 1557 5056 sed
1580 4992 1725 5056 ecelesiae
1740 5009 1811 5054 666
1831 4993 1916 5070 6616-

282 5104 352 5165 666.
373 5089 502 5152 Veniens
519 5090 741 5169 1611666661.
1125 5094 1371 5173 6666161666
1393 5110 1463 5156 ean.
1481 5093 1568 5156 6616.
1580 5106 1674 5154 causa
1691 5091 1742 5163 18,
1753 5095 1870 5169 quest.
1888 5089 1914 5148 l.

322 5189 365 5252 ll.
386 5212 402 5248 ι
427 5189 543 5251 Omnia
568 5189 630 5250 alia
655 5197 738 5265 vota,
764 5198 795 5253 et
814 5191 994 5271 juramenta
1022 5189 1073 5269 pla
1125 5191 1210 5254 Etsi
1229 5189 1447 5254 obedientiam
1471 5206 1536 5254 666
1555 5189 1697 5268 6661166
1718 5188 1835 5251 debeat
1858 5203 1912 5247 su·

282 5287 356 5368 ipso
391 5287 466 5369 jure
493 5286 671 5368 exstinguit
696 5289 744 5370 (C.
765 5289 942 5370 Scriptura
969 5287 999 5373 l,
1031 5288 1074 5349 tle
1126 5289 1310 5371 perioribus
1346 5288 1572 5368 regularibus,
1601 5297 1713 5368 616616
1743 5287 1780 5350 16
1808 5287 1912 5350 altiori

283 5389 379 5470 66166
409 5387 471 5466 6161
497 5387 657 5453 laetasint
685 5389 720 5452 in
747 5389 890 5454 iarorern
910 5388 1072 5464 hominis;
1125 5389 1292 5470 dignitatis
1322 5390 1424 5470 gradu
1452 5389 1662 5463 constitutus,
1687 5387 1783 5450 debet
1808 5394 1914 5448 tamen

284 5504 355 5552 nam
368 5489 428 5551 ista
445 5495 592 5565 manent,
608 5489 673 5552 nisi
684 5489 992 5570 promissoriuaiuri
1012 5505 1073 5551 suo
1125 5490 1213 5556 illam
1232 5507 1362 5556 66666
1386 5491 1527 5571 66611661
1539 5537 1547 5565 ,
1561 5492 1613 5554 661
1630 5489 1916 5570 6161666666166-

284 5590 532 5655 renuntiaverit.
1123 5593 1201 5656 1166
1214 5591 1413 5674 generalem,
1429 5591 1470 5654 ab
1489 5589 1641 5656 omnibus
1657 5589 1811 5653 fidelibus
1826 5585 1916 5650 debi-

322 5689 412 5752 Xla
437 5691 580 5771 impertit
603 5691 825 5772 plenissimam
853 5692 1066 5756 condonatio·
1123 5703 1198 5766 tam,
1219 5692 1349 5771 speciali
1375 5693 1571 5758 6666166116
1597 5699 1669 5755 roto
1700 5689 1913 5767 astringitur:

284 5807 356 5859 aeut
389 5790 537 5860 666166
575 5799 800 5871 peccatorum,
834 5808 900 5858 666
937 5792 1071 5874 quidem
1125 5793 1238 5862 imosi
1265 5778 1914 5883 666661161616611611616616166661,
