4046 6460
124 397 179 466 iet
349 400 446 464 etus
466 402 524 464 111.
542 403 591 464 DE
610 381 1111 470 eunsoNtS.-L1u.vttt.uu
1130 403 1415 480 duodennium,
1430 403 1511 466 End.
1714 401 1785 468 lb?

122 511 433 588 tutione-'onerosa
458 514 684 594 deoptantur
705 513 800 590 arim
829 513 922 595 cujus
979 530 1033 574 sert
1047 508 1268 594 depulsoribus,
1287 513 1351 575 tice
1367 507 1546 592 probandis
1561 511 1696 575 ecclesia
1710 533 1784 574 ca·-

121 613 376 679 constitutionis
390 613 641 694 dispositionem
658 613 856 678 sufficienter
874 629 928 676 ox·
978 611 1129 674 theatralis
1148 610 1390 692 eelcollcpiato,
1420 610 1485 672 sice
1513 607 1586 672 aliis
1609 605 1787 689 benefieiis..

121 711 241 791 printit
251 698 449 792 probratpsi
459 709 677 776 assenarica:
693 713 926 776 Pramonstra-
976 709 1185 791 simplicibus,
1200 719 1256 774 cat
1273 709 1496 792 hospitalibus,
1514 709 1686 789 rrtilitiiscc,
1701 729 1785 774 noan

122 811 924 896 teasibasconcediturcalateprcprioilegiumcs·
976 809 1141 872 uniantur.

121 916 281 996 repandi
291 923 321 978 st
335 913 498 978 retinendi
508 931 709 999 pmsennpee
726 916 927 998 parochiales
1016 912 1056 974 ht
1075 927 1162 986 vero,
1175 909 1415 976 interveniente
1430 907 1622 974 auctoritaie
1636 915 1787 990 aposto-.-

123 1015 291 1091 ecclcsias,
303 1015 493 1090 etciccrias,
507 1017 758 1088 tomsoealarcs,
771 1033 863 1096 paam
875 1033 927 1076 rc·-
977 1002 1294 1092 lica'possuntdictce
1313 1011 1452 1075 uniones
1465 1009 1545 1075 lieri..

121 1111 817 1232 waswwd‘fwmmmmm
836 1115 926 1179 unde
975 1169 990 1243 i
1010 1171 1042 1228 t.
1060 1203 1095 1217 -
1112 1170 1150 1255 De
1163 1171 1226 1254 iure
1249 1169 1416 1254 regularium
1456 1169 1527 1252 acad
1549 1169 1682 1253 benchuir
1697 1169 1766 1253 alm3

124 1233 156 1276 ’¹¹
174 1216 260 1280 ‘¹¹⁰¹'
281 1217 460 1298 Pf¹V¹¹OS¹¹s
485 1227 636 1299 possunt,
655 1221 777 1302 sineque
797 1218 925 1282 ¹¹¹d¹¹¹¹⁰
1012 1243 1103 1326 plicia,
1116 1243 1275 1316 dignitates,
1287 1185 1480 1314 terraquesffra
1495 1241 1765 1316 oiilotueptscoputur

123 1314 331 1395 apostatico,
367 1313 693 1386 Pramonstratensas
726 1318 925 1399 parochiales
1012 1313 1152 1370 interiora.
1768 1357 1771 1363 ,

122 1415 302 1482 secutores
315 1417 462 1483 obtinere
475 1435 655 1500 peromnes
667 1423 798 1486 eosdem
810 1419 924 1484 modos

122 1531 161 1579 ac
178 1517 291 1582 clerici
307 1517 478 1583 mulares
496 1519 593 1584 etiam
610 1535 668 1599 per
682 1520 767 1584 eiam
785 1536 924 1583 coneur-

123 1635 203 1682 sus.
249 1620 334 1697 Sed,
369 1632 568 1702 quocunque
612 1622 708 1686 ruodo
744 1621 922 1702 religiosus

123 1721 447 1788 Prasmonstratonsis
463 1720 622 1802 parochos
636 1737 696 1786 seu
714 1721 853 1787 vicarius
869 1739 922 1786 cu·

125 1827 217 1884 ratus
236 1821 461 1898 constituatur,
482 1829 626 1886 remanet
638 1822 678 1886 ad
695 1831 812 1886 nutum
827 1823 927 1888 abba·

37 1960 46 1982 .
125 1925 169 1988 tis
184 1923 241 1988 soi
254 1925 452 1989 amoribilis.
469 1924 514 2008 (S.
531 1939 641 2005 congr.
659 1924 782 1990 concil.
800 1926 838 1988 ta
855 1924 923 1990 lai.

125 2023 236 2105 thob.)
271 2025 308 2088 lu
334 2024 377 2088 iis
410 2039 488 2088 vero
515 2040 589 2106 qne
628 2039 738 2088 coram
765 2032 926 2108 spectant,

124 2125 304 2190 ordinariae
338 2123 485 2209 episcopi
510 2125 752 2208 jurisdictionis
787 2127 924 2193 omnino

125 2227 253 2290 subest.

1016 1465 1043 1529 l.
1080 1463 1257 1545 negatores
1292 1463 1416 1544 absquo
1443 1456 1573 1526 indulto
1602 1463 1766 1542 pontificio

976 1569 1126 1632 obtineto
1164 1574 1335 1650 nequount
1364 1566 1560 1632 bonolioihm
1603 1566 1765 1645 simplex,

977 1669 1065 1734 verbi
1083 1669 1202 1752 gratia,
1219 1667 1445 1734 canonicatum
1461 1669 1497 1732 id
1518 1665 1694 1732 cathedrali
1714 1669 1766 1732 rel

976 1771 1144 1851 collegiata
1179 1771 1328 1835 ecclesie.
1368 1772 1485 1851 (Extra
1513 1768 1769 1834 controuersiam

975 1870 1055 1954 est.)

1014 1974 1056 2038 ll.
1081 1974 1258 2053 tteguisres
1270 1973 1348 2054 eligi
1363 1978 1502 2055 possunt
1514 1973 1550 2038 in
1563 1971 1769 2039 examinato·

975 2089 1027 2138 ros
1041 2072 1226 2154 synodales.
1241 2071 1398 2156 (edam.
1413 2089 1497 2137 sessu
1510 2071 1564 2150 bh,
1578 2085 1607 2138 c.
1624 2072 1687 2151 ¹8.)

1013 2175 1068 2238 111.
1091 2177 1230 2239 Possunt
1248 2187 1322 2239 esse
1334 2173 1473 2256 delegati
1490 2185 1590 2254 papae.

1015 2277 1069 2340 lv.
1093 2277 1232 2350 Possunt
1250 2290 1323 2340 asse
1342 2283 1593 2348 comessatores,
1609 2273 1672 2338 sub
1685 2287 1766 2342 sbu-

974 2375 1153 2441 ditionibus
1184 2367 1353 2459 requisitis
1377 2377 1413 2441 ia
1437 2378 1546 2458 capite
1576 2375 1694 2440 ultimo
1720 2377 1767 2440 llo

974 2476 1079 2559 ospicio
1108 2476 1256 2558 delegati,
1283 2477 1317 2543 in
1347 2481 1383 2550 a,
1405 2483 1439 2543 ei
1464 2477 1498 2542 in
1527 2476 1656 2543 constit.
1684 2480 1768 2544 Gro-

974 2577 1058 2658 gorii
1075 2579 1506 2655 numemculatoris.

1013 2679 1050 2744 v.
1076 2680 1216 2744 Possunt
1243 2696 1317 2744 esso
1353 2679 1469 2746 ricerii
1498 2677 1667 2761 generales
1694 2679 1767 2760 epi.-

975 2779 1078 2861 soopi,
1105 2787 1135 2844 et
1161 2780 1258 2846 etiam
1281 2779 1487 2861 capitulares,
1514 2780 1593 2844 sedo
1620 2789 1776 2854 raosmn.

165 2327 455 2409 tt'.«1tetigioso
480 2329 752 2412 congregationes
778 2329 922 2396 uirorum

129 2429 215 2494 uotis
252 2428 457 2494 solemnibus
485 2437 654 2505 carentes,
683 2447 748 2496 non
772 2429 924 2496 uidentur

127 2529 362 2610 comprehendi
386 2529 449 2593 sub
466 2528 553 2594 dicto
577 2529 652 2612 jure
667 2529 831 2594 communi
860 2531 926 2595 ho·

126 2627 261 2700 dierno,
279 2645 344 2710 quo
358 2628 550 2710 prohibetur
561 2645 601 2694 ne
616 2629 834 2710 regularibus,
850 2631 925 2696 abs-

127 2746 194 2808 que
223 2729 353 2794 indulto
373 2729 550 2812 pontificio,
571 2729 742 2795 secutores
763 2731 924 2812 parochias

127 2827 338 2894 ⁰⁰⁰f⁰ffl¹¹²¹¹f
340 2875 405 2895 ·····
429 2830 571 2894 9³⁰¹¹¹d⁰
593 2830 738 2912 ¹⁰¹¹⁸¹⁰⁸¹
761 2831 925 2912 ⁸¹mp¹¹⁰¹⁵
975 2899 1048 2946 cum
1064 2891 1171 2947 temen
1189 2883 1371 2965 superioris
1387 2883 1518 2948 licentia
1532 2889 1564 2946 et
1579 2881 1679 2947 hodio
1691 2895 1766 2946 cum

127 2927 286 2993 dunum
316 2938 388 2996 '⁰¹⁸
415 2947 455 2996 ⁶¹
491 2931 641 3045 imum?
665 2933 863 3048 ‘miufnm’
881 2934 926 3000 “d
974 2979 1124 3047 inanitate
1150 2982 1324 3063 pontiacis.
1341 2985 1410 3048 Hoc
1427 2991 1533 3048 tamen
1553 2998 1764 3046 munussus·

131 3031 294 3110 regendas
315 3030 486 3096 seculares
503 3032 669 3113 peroclnas
688 3033 826 3114 habiles,
847 3033 924 3101 aba·
975 3081 1084 3161 cipere
1099 3091 1266 3166 Μυκη,
1283 3083 1434 3164 ,01535095
1452 3083 1683 3148 mpndpmre„

1014 3187 1069 3252 Vi.
1092 3185 1281 3268 Religiosus
1296 3194 1403 3268 potest
1425 3186 1579 3252 constitui
1597 3183 1770 3266 coadjutor,
1850 3268 1855 3280 ι

975 3287 1126 3370 parochi,
1147 3287 1266 3352 iisdem
1288 3286 1533 3354 conditionibus¹
1548 3295 1581 3351 st
1600 3285 1707 3350 enodis
1729 3301 1766 3350 ac

976 3391 1146 3470 parochus.

127 3151 195 3214 que
207 3131 337 3197 indulto
360 3133 526 3214 pontificio
541 3133 696 3197 censendi
714 3143 810 3212 sunt;
827 3137 923 3201 modo

127 3239 238 3296 temen
256 3232 290 3296 id
312 3233 361 3295 eis
385 3233 513 3314 propria
534 3247 629 3314 quam
656 3233 848 3314 profitentur
866 3253 921 3300 re·

130 3332 208 3415 gule
219 3349 284 3397 non
295 3331 477 3397 interdicat.
492 3331 577 3396 ilino
588 3335 669 3400 bene
681 3333 922 3412 possunthodio

128 3434 162 3496 in
180 3430 287 3496 Gallie
298 3430 443 3512 episcopi
459 3431 618 3513 ejusmodi
633 3433 923 3513 congregationum
1015 3488 1085 3552 vn.
1108 3488 1286 3570 Regulms
1309 3492 1446 3568 possum
1468 3483 1622 3550 mimi
1645 3483 1684 3546 in
1705 3497 1766 3546 no·

128 3533 261 3598 idonens
276 3550 354 3596 virts
368 3532 537 3596 secutores
550 3530 730 3611 parochus,
747 3541 828 3597 citra
844 3549 924 3613 pou·
974 3588 1072 3652 'mos
1096 3588 1178 3651 imm
1194 3587 1354 3664 ordinem,
1377 3585 1472 3650 ,mm
1490 3601 1546 3665 „w
1561 3583 1668 3648 musi„
1684 3582 1763 3646 feu.

130 3633 261 3699 titinium
275 3633 565 3714 dispensationem,
580 3632 740 3709 conicere,
756 3633 853 3698 modo
868 3651 921 3698 as·
998 3691 1004 3702 ,
1225 3690 1230 3702 ,
1699 3683 1705 3698 ·

130 3736 249 3800 sentiat
275 3751 389 3798 eorum
420 3735 591 3815 superior,
621 3735 673 3798 cui
703 3733 924 3800 obedientiam
973 3705 1152 3771 ⁸¹⁰⁵⁰¹⁰³¹⁸
1182 3687 1275 3768 (vm
1298 3689 1384 3768 ΨΜ
1413 3686 1451 3751 ⁰·
1477 3687 1592 3762 B⁰⁰¹¹⁹
1621 3683 1666 3746 ⁰⁶
1686 3701 1764 3766 lim

130 3845 301 3902 raserunt.
328 3862 344 3900 e
372 3837 429 3919 (lta
456 3838 495 3901 li.
513 3839 632 3914 licam
655 3837 701 3899 ue
716 3837 794 3920 jure
817 3838 921 3918 repul.
973 3787 1075 3872 mul·
1091 3797 1113 3852 ι’
1131 3787 1171 3866 ¹¹⁹
1189 3807 1219 3872 p·
1239 3789 1279 3854 55
1294 3796 1326 3852 οι
1344 3787 1430 3870 ⁸⁰4)

130 3947 151 4000 t.
170 3939 211 4015 ΙΙ,
226 3957 257 4020 p.
272 3939 338 4022 ht.)
1028 3936 1044 4009 i
1065 3935 1108 3994 it.
1125 3965 1161 3977 -
1172 3933 1212 3992 tte
1223 3930 1591 4016 regulariumhsbilr'tatesd
1608 3930 1710 4006 gradus

169 4039 210 4102 V.
233 4061 249 4098 c
273 4039 412 4116 Quando
438 4035 539 4102 riteui
569 4037 726 4118 religioso
756 4037 921 4104 confertur
1278 4004 1459 4062 mmm·
1623 4059 1625 4064 ·

130 4138 324 4204 mesticium
354 4139 520 4214 seculare,
543 4142 574 4204 1⁰
599 4138 844 4220 reiiginsnsille
865 4154 919 4202 nc·
1013 4146 1039 4207 Ι.
1062 4143 1192 4208 Certum
1206 4145 1257 4206 ost
1275 4138 1442 4219 regulares
1465 4153 1561 4218 posse
1580 4137 1763 4218 promoveri

129 4241 409 4322 quiritliectesise,
428 4260 494 4308 aon
517 4245 731 4320 monasterio;
746 4241 920 4324 &dejure
971 4246 1011 4310 ad
1040 4244 1176 4327 gradum
1200 4241 1385 4308 docioratus
1412 4241 1446 4303 in
1477 4239 1617 4322 publicis
1647 4238 1762 4305 secde·

130 4344 310 4421 communi,
335 4361 394 4408 seu
412 4345 476 4409 nisi
497 4343 589 4409 aliter
612 4352 731 4409 statuat
751 4346 917 4426 proprium
971 4347 1058 4411 miis.

128 4442 319 4508 institutum
353 4445 476 4510 assde
506 4445 681 4526 apostolica
708 4445 919 4527 approbatum
1010 4451 1055 4514 11.
1078 4448 1258 4530 ltogulares
1274 4454 1411 4528 possunt
1431 4443 1616 4528 promereri
1633 4442 1674 4507 ad
1700 4441 1761 4508 db·
1832 4483 1834 4488 -

130 4544 179 4625 lut
195 4561 306 4610 revers
330 4545 485 4610 statuitur
506 4547 866 4612 Prasmonetrstensibus
879 4547 921 4611 ab
971 4556 1125 4616 omentum
1144 4549 1242 4614 otiam
1255 4555 1345 4612 extra
1362 4545 1505 4626 publicas
1518 4541 1760 4616 universitates,

129 4643 280 4725 ipsorum
309 4645 457 4727 regula),
480 4644 565 4712 liber
594 4647 627 4712 iit
649 4647 690 4711 ah
720 4649 922 4731 obligatione
971 4652 1007 4716 id
1021 4650 1285 4726 est‚auctoritrte
1300 4646 1504 4730 prelatorum
1520 4643 1703 4725 religionis,
1719 4659 1759 4707 ox

128 4742 305 4808 obediendi
326 4743 464 4824 prolatis
479 4744 649 4827 roligionis
666 4764 756 4819 suros
773 4749 918 4830 itemque
971 4749 1146 4836 privilegio
1161 4749 1354 4833 apostolico.

128 4843 170 4918 ab
191 4845 390 4928 obligatione
406 4847 602 4913 observandi
622 4849 769 4931 regulam
791 4851 918 4915 ordinis
1010 4852 1066 4918 lii.
1090 4856 1229 4917 Possunt
1248 4867 1321 4916 esso
1345 4847 1546 4930 professores
1563 4845 1597 4910 in
1619 4843 1760 4927 publicis

130 4943 198 5020 sui,
210 4947 361 5025 quamvis
376 4965 416 5014 cx
430 4948 569 5013 consilio
584 4965 654 5014 eam
668 4950 841 5016 ohsasare
856 4952 916 5016 do·
971 4953 1250 5029 universitatibus,
1271 4952 1335 5018 nisi
1359 4951 1465 5017 obstet
1485 4948 1654 5031 proprium
1670 4947 1679 5008 i
1685 4959 1760 5026 pisti·

130 5043 221 5123 least3
235 5063 296 5110 nec
309 5054 439 5126 potesta
452 5049 679 5130 superioribus
694 5051 864 5132 religionis
878 5053 918 5117 ad
973 5073 1044 5122 rum
1060 5056 1257 5120 institutum.

130 5146 360 5212 monasterium
376 5149 647 5232 revocari.(Quod
663 5150 735 5214 ride
751 5151 918 5231 probatum
1009 5158 1063 5219 tv.
1086 5157 1226 5219 Possunt
1248 5171 1321 5220 osse
1343 5154 1383 5217 de
1406 5151 1546 5234 collegio
1577 5152 1762 5225 doctorum,

128 5243 216 5324 apud
231 5246 270 5308 ⁰·
287 5247 402 5310 ¹3⁰¹]st
421 5246 499 5314 illd·
514 5265 545 5329 p.
561 5251 602 5313 5⁰
615 5256 648 5313 θῑ
661 5249 726 5330 Md
971 5256 1014 5319 ita
1028 5269 1144 5336 nempe
1154 5263 1194 5320 ut
1209 5255 1337 5320 valeant
1352 5253 1497 5335 ciusdem
1513 5250 1643 5331 collegii
1672 5248 1757 5315 deli·

129 5361 259 5436 Μ.-
281 5365 410 5426 Ecctcs'ue
428 5368 618 5442 poroehistes,
643 5367 696 5425 nisi
721 5377 822 5427 macte
845 5371 922 5430 radi,
970 5351 1195 5420 beretionibus
1229 5354 1410 5432 interesse,
1448 5352 1639 5432 suffragium
1674 5349 1761 5414 serra

194 5441 371 5508 'mmm’
389 5439 563 5498 ”mmm
578 5440 652 5498 “¹¹¹⁶
669 5455 725 5498 ¹¹⁰⁰
736 5451 864 5515 VW-
969 5459 1054 5522 circa
1080 5455 1297 5520 admittendos
1328 5455 1368 5520 ad
1403 5456 1603 5519 doctoratum
1635 5451 1762 5516 aiiosrs

168 5551 367 5632 ternpore
402 5553 588 5618 Tridentini
611 5554 743 5620 concilii
773 5555 923 5621 occheim
969 5555 1090 5641 gradm
1118 5554 1338 5630 academicos,
1363 5562 1396 5619 et
1421 5554 1642 5618 emolumenta
1669 5551 1759 5616 hisce

132 5651 330 5733 pmoehiales
362 5655 567 5720 macheriis
605 5655 694 5720 uniri
722 5667 916 5739 nequsunt,
970 5659 1095 5726 muniis
1111 5657 1204 5723 affine
1224 5657 1378 5738 recipere,
1400 5656 1569 5738 supposita
1589 5663 1696 5720 tamon
1715 5652 1759 5717 li·

132 5772 214 5821 sess.
225 5757 330 5832 ihm
343 5761 474 5840 reform.
488 5779 517 5825 c.
529 5759 917 5844 1³,r'nizncetaiepsre-
970 5760 1075 5827 cantia
1115 5759 1295 5844 superioris
1330 5759 1502 5841 regularis.
1534 5757 1621 5840 (eirea
1649 5754 1760 5822 omnia

132 5857 912 5955 chiniacmonmtcriisquibuscanpucatctabbatiis,
971 5865 1136 5932 confirmat
1152 5862 1454 5946 prentsncetesie.)
1563 5915 1568 5922 .
