4098 6448
307 411 359 476 iii
815 405 928 468 tutus
945 397 1125 468 canoaldi
1142 401 1404 466 cournnntdtn
1872 402 1929 466 isa

351 529 494 588 ittomeu
522 536 590 594 res,
620 517 879 591 consecratione,
908 514 957 580 vel
985 515 1087 578 bena·
1146 528 1223 576 nera
1252 511 1293 575 ab
1328 511 1487 576 ordinatis
1527 518 1578 576 est
1612 511 1930 586 excommunicatio,

306 623 449 686 dictione
476 620 621 684 ecclosias
640 621 807 694 affectatae,
832 635 904 699 quie
922 617 997 699 jure
1024 632 1089 678 nou
1145 613 1318 692 suspensio
1343 610 1530 689 abolicio,
1554 619 1585 676 et
1607 612 1819 676 exsecutione
1842 612 1931 674 ordi·

306 725 540 805 probibentur,
567 723 658 787 rendi
681 729 816 802 possunt
830 718 1010 784 secundum
1026 733 1090 780 ma·
1145 728 1222 775 num
1255 712 1361 792 quoad
1385 712 1561 776 ordinatos.
1584 712 1637 795 (C.
1651 712 1872 792 Reperiamus
1892 715 1931 788 1,

306 825 437 898 terium,
469 831 501 886 et
528 826 598 904 ejus
624 823 889 896 estimationem,
917 836 954 883 ea
984 826 1089 882 tamen
1144 813 1292 885 0111811,
1318 819 1431 892 qussi·
1448 809 1490 895 i.)
1514 814 1549 876 iit
1576 811 1791 876 extenditbas
1807 826 1930 892 penas,

303 923 516 985 conditione:
533 924 563 984 1.
578 924 617 986 ut
632 921 762 1002 quando
778 921 816 984 ad
832 937 912 984 usus
926 917 1089 999 profanos,
1145 911 1288 976 Trident.
1311 911 1373 975 loc.
1393 911 1461 987 cit,
1481 911 1632 975 1111111111
1649 911 1778 984 dantes,
1795 917 1828 974 0⁸
1851 911 1933 974 ⁸⁰05·

306 1022 356 1082 vei
377 1019 465 1082 laicis
485 1021 681 1091 vendantur,
698 1019 790 1098 prius
802 1017 998 1092 conflentur,
1014 1032 1091 1078 con·
1145 1011 1272 1090 pientes
1292 1027 1426 1076 munera
1440 1019 1554 1092 sponte
1568 1011 1683 1075 oblata.

304 1119 506 1200 fringentur,
523 1120 572 1182 rel
592 1117 793 1182 dissuantur.
807 1151 845 1164 -·
857 1119 889 1182 2.
907 1118 947 1182 lJt
962 1124 1091 1197 propter
1184 1112 1233 1175 Ad
1261 1111 1517 1192 dispensationes
1539 1113 1643 1194 quoad
1660 1113 1789 1188 attinet,
1816 1133 1833 1168 e
1849 1110 1931 1174 nulli

304 1219 598 1293 consecrationem,
624 1218 674 1282 rel
702 1217 959 1281 benedictionem
983 1232 1090 1280 rerum
1143 1211 1310 1276 ordinario
1325 1227 1403 1291 papa
1417 1210 1564 1276 inferiori
1583 1211 1778 1292 permissum
1793 1216 1845 1275 est
1859 1227 1932 1274 exa·

308 1320 439 1381 istarum
464 1318 603 1397 pretium
628 1333 694 1382 non
720 1325 894 1398 augeature
918 1316 979 1380 boc
1003 1315 1089 1380 enim
1143 1312 1269 1378 ctionss
1293 1312 1398 1378 iacere
1423 1329 1480 1391 pro
1502 1311 1816 1393 dispensationibus,
1837 1311 1931 1374 etiam

305 1417 521 1480 simoniacum
541 1415 635 1479 soret.

342 1517 407 1579 Pro
426 1517 540 1597 officiis
559 1516 795 1591 ecciesiasticis,
815 1524 849 1580 ut
871 1521 947 1579 suut
971 1513 1088 1595 predi-

304 1617 388 1681 catio
406 1617 495 1680 rerbi
511 1617 635 1694 divini,
650 1618 824 1696 orationes,
840 1633 913 1698 quae
925 1633 965 1680 ex
981 1617 1091 1680 Eccle-

304 1716 362 1778 sim
404 1715 610 1794 institutione
662 1718 812 1797 publica,
874 1717 1089 1798 privatimque

304 1817 405 1889 liunt,
421 1815 504 1878 nibil
520 1817 607 1896 exigi
627 1825 732 1895 polest
750 1825 784 1882 ut
809 1817 965 1898 pretium;
980 1817 1038 1880 sed
1055 1824 1089 1881 ut

305 1918 502 1998 stipendium
523 1917 563 1980 ad
582 1920 848 1982 sustentationem
870 1918 1088 1982 necessarium

301 2020 426 2102 absque
440 2020 579 2084 simonia
598 2019 700 2100 arcipi
726 2027 851 2099 potest,
879 2020 966 2100 quod
993 2018 1090 2082 olfer-

304 2129 374 2196 ture
395 2119 461 2183 imo
476 2120 663 2201 brrJ'usmodi
681 2119 883 2200 stipendium
901 2121 998 2184 etiam
1013 2119 1089 2184 licet

291 2215 453 2301 exigere,
474 2229 505 2284 et
521 2222 560 2284 de
575 2237 615 2285 eo
630 2222 759 2302 pacisci.

347 2321 383 2384 V.
399 2320 592 2401 spiritualier
613 2323 704 2386 tertii
728 2323 870 2404 panaris,
892 2340 967 2403 qun
991 2331 1090 2388 mata·

306 2419 385 2483 riam
413 2421 563 2486 simonie
581 2424 802 2500 constituunt,
822 2424 1012 2504 multiplicis
1030 2441 1089 2505 ge·

306 2518 394 2582 neris
411 2529 499 2584 sunt.
518 2525 556 2585 Et
579 2525 609 2587 1.
631 2523 820 2604 prophetia,
839 2525 974 2604 parratio
995 2527 1090 2590 mira·

305 2620 370 2684 cuii
385 2665 395 2698 ,
410 2632 441 2684 et
455 2623 580 2687 similes
597 2631 698 2688 actua.
714 2659 753 2672 -
766 2626 798 2688 2.
812 2627 911 2689 Actus
924 2625 1086 2702 ordinum,

305 2739 336 2783 r.
374 2741 422 2802 gr.
460 2724 589 2788 collatio
617 2725 787 2806 baptismi,
817 2726 1086 2803 confirmationis,

303 2825 515 2900 consecratio,
528 2827 702 2900 ordinatio,
719 2835 809 2892 actus
821 2827 1086 2907 sepeliendiete.

1144 1411 1278 1476 nomine
1293 1411 1448 1492 stipendii
1467 1412 1731 1486 sustentationis,
1748 1411 1793 1476 ob
1811 1411 1931 1476 decret.

1145 1510 1287 1576 Trideut.
1313 1529 1395 1576 sess.
1418 1512 1472 1590 15,
1498 1529 1567 1590 cap.
1594 1514 1644 1586 18,
1665 1513 1710 1574 De
1733 1513 1878 1592 reform,
1902 1521 1931 1574 et

1143 1631 1224 1678 sess.
1247 1614 1298 1688 11,
1323 1633 1393 1697 cap.
1416 1617 1448 1692 5,
1473 1618 1518 1680 nr
1539 1619 1669 1688 retorna.
1686 1617 1836 1699 :quibus
1861 1631 1932 1696 pro·

1146 1713 1278 1778 bibetur
1292 1715 1327 1778 iu
1339 1715 1592 1797 dispensationis
1608 1717 1822 1781 concessione
1833 1715 1930 1796 quid·

1144 1830 1240 1894 quam
1254 1813 1450 1897 quocunque
1472 1816 1579 1894 tituto,
1594 1816 1769 1898 presertim
1789 1815 1825 1880 in
1841 1832 1930 1880 surm

1144 1916 1351 1980 coricedentis
1369 1916 1540 1981 utilitatem
1559 1916 1666 1996 exigi,
1682 1915 1730 1982 rel
1746 1916 1905 1995 acceptari
1921 1933 1930 1978 ε

1144 2019 1265 2100 quibus
1289 2021 1444 2096 decretis,
1465 2029 1615 2103 uuquam
1637 2021 1765 2103 legibus
1780 2019 1932 2084 Ecclesio

1144 2119 1405 2198 universalibus,
1430 2121 1528 2186 etiam
1559 2121 1705 2202 episcopi
1744 2117 1931 2198 astringun-

1144 2227 1233 2285 tur...
1262 2229 1455 2286 nontamen
1478 2229 1528 2285 est
1554 2220 1744 2302 deneganda
1767 2219 1931 2300 episcopis

1140 2316 1274 2387 licentis
1312 2323 1503 2402 imponendi
1534 2340 1617 2388 onus
1644 2323 1865 2403 eleemosynas
1897 2322 1930 2386 in

1144 2437 1324 2502 pauperes,
1340 2423 1391 2488 vel
1410 2424 1462 2504 pia
1483 2440 1580 2504 opera
1596 2423 1860 2500 distribuendas,
1875 2441 1930 2505 per

1144 2523 1274 2586 modum
1290 2525 1553 2590 commutationis
1572 2527 1607 2588 in
1622 2525 1860 2604 dispensando.

1182 2625 1236 2688 vl.
1258 2625 1449 2705 Spirituulio
1468 2627 1576 2706 quarti
1599 2627 1741 2706 penaria,
1759 2643 1822 2690 sen
1835 2624 1931 2704 spiri·

1142 2723 1220 2787 tuaii
1237 2739 1362 2788 innexa
1376 2741 1449 2804 que
1463 2725 1626 2790 materiem
1637 2771 1647 2804 ,
1660 2731 1693 2790 at
1703 2724 1870 2806 objectum
1889 2725 1931 2786 si-

1143 2821 1259 2886 moniae
1278 2823 1497 2900 constituunt,
1518 2824 1654 2902 triplicis
1673 2823 1806 2904 generis
1830 2832 1928 2886 sunt:

305 2957 343 2970 -
356 2925 386 2986 3.
404 2927 502 2990 Actus
520 2927 758 3006 jurisdictionis
773 2927 951 3009 spiritualis
965 2928 1088 2992 utrius·
1144 2921 1173 2984 1·
1190 2921 1286 2985 Enim
1310 2922 1419 3003 aliqua
1439 2930 1518 2988 suoi
1541 2924 1704 3005 spirituali
1726 2940 1857 2988 annexa
1875 2942 1929 2986 oa·
1956 2969 1962 2978 .

304 3041 369 3103 qne
394 3023 476 3102 tort,
504 3035 540 3090 aa
556 3037 633 3092 sunt
650 3027 811 3093 absolutio
835 3045 852 3092 a
877 3028 1031 3108 pascatis,
1056 3034 1088 3093 et
1142 3019 1326 3096 recedenter,
1353 3021 1442 3102 qnod
1471 3023 1511 3087 nd
1541 3023 1711 3102 spirituale
1743 3037 1930 3104 prosnppe

303 3128 471 3202 censuris,
486 3127 686 3208 dispensatio
704 3129 738 3192 io
755 3130 858 3203 rotis,
875 3129 1086 3210 juramentis,
1143 3127 1281 3197 11111111,
1298 3121 1398 3203 idque
1423 3123 1617 3203 lllfflssfldissir
1646 3129 1681 3187 Ui
1697 3131 1775 3187 suni
1800 3121 1927 3201 templa,

304 3231 336 3286 et
373 3227 537 3290 rarionicis
570 3228 813 3309 impedimentis
842 3230 1012 3306 ordinum,
1037 3231 1086 3294 rel
1142 3221 1416 3298 diiudicant-08·
1437 3230 1512 3298 otc.;
1528 3240 1646 3302 res‘1¹¹⁶
1661 3240 1775 3299 ⁸⁸⁰iae2
1795 3228 1853 3287 ³¹1²
1878 3222 1929 3284 be·

201 3363 204 3368 Δ
305 3323 605 3403 matrimoniorum,
629 3327 663 3389 in
686 3325 813 3405 legibus
840 3327 1085 3403 ecciesiasticis,
1143 3323 1289 3396 nedictm,
1305 3339 1387 3404 qum,
1408 3322 1514 3404 quoad
1534 3323 1699 3386 materiam
1716 3321 1825 3403 ipsam
1840 3339 1928 3388 suam

304 3429 418 3486 ‹·tc.-
432 3422 462 3487 ir.
482 3425 646 3489 Admissis
671 3427 709 3490 ad
729 3427 938 3503 nondictum,
963 3437 995 3494 et
1015 3447 1088 3512 pro·
1142 3425 1415 3487 consecrationem
1439 3424 1490 3488 rel
1516 3422 1776 3488 benedictionem
1798 3431 1926 3487 autece-

305 3522 480 3589 inasionem
508 3527 706 3608 religiosam,
725 3563 765 3576 ..
784 3529 814 3594 5,
844 3531 985 3607 Erectio,
1012 3547 1089 3595 con·
1142 3523 1622 3605 dont3itom1'uspntronntus.
1651 3559 1689 3572 -
1711 3525 1744 3587 2
1765 3523 1840 3588 Alia
1855 3531 1929 3588 sunt

304 3624 463 3701 ornatio,
492 3629 691 3703 nominatio,
714 3631 931 3711 presentatio,
956 3631 1087 3696 institn-
1142 3623 1324 3704 spiritualia
1352 3625 1607 3702 concomitatur,
1632 3623 1720 3707 qnod
1741 3623 1786 3686 iis
1810 3623 1927 3688 intrin-

303 3721 369 3797 tio‚
384 3722 573 3791 investitura
588 3775 596 3802 ,
611 3727 699 3808 patiti
713 3730 900 3807 concessio,
915 3738 946 3794 et
959 3731 1086 3796 similes
1142 3743 1215 3790 sace
1239 3725 1306 3789 sint
1324 3727 1514 3807 conjuncta,
1535 3732 1571 3789 nt
1589 3735 1639 3789 est
1658 3725 1748 3790 labor
1765 3723 1926 3805 eorporis,

302 3829 412 3900 retus,
430 3825 550 3904 quibus
567 3827 738 3905 beneficia,
754 3829 943 3908 dignitates,
959 3839 991 3895 ot
1009 3849 1088 3912 pre·
1141 3829 1196 3909 qui
1214 3829 1284 3909 ipsa
1297 3828 1546 3903 sacrificatione,
1562 3837 1617 3892 aut
1640 3825 1705 3892 alio
1723 3827 1925 3901 ministerio,

304 3921 416 3984 latnrae
431 3925 654 3990 ecclesiasticen
669 3927 866 3993 obtinentur.
883 3930 935 4010 (G.
955 3931 1034 3995 dom
1052 3933 1087 3996 iat
1141 3933 1173 3990 et
1195 3923 1362 4018 lundione
1387 3925 1548 4008 spirituaii
1578 3926 1719 3990 subitur.
1746 3959 1779 3972 ·-
1811 3925 1842 3987 3.
1858 3927 1928 3989 Alia

302 4021 434 4084 ecclesio
456 4025 494 4101 93
519 4041 548 4090 c.
564 4026 610 4104 De
627 4027 686 4090 lior
709 4029 762 4104 113
788 4045 816 4092 c.
842 4029 1009 4093 Maltinus
1027 4031 1085 4109 223
1138 4042 1286 4091 connexa
1302 4033 1379 4092 suut
1396 4025 1558 4106 spirituaii
1583 4035 1827 4106 conspuentes,
1852 4027 1928 4108 quia

302 4139 331 4183 e.
352 4123 393 4184 io
415 4132 537 4186 tontum
557 4126 613 4201 363
639 4143 667 4190 a.
689 4127 875 4191 Audivimus
899 4129 961 4206 tt3
986 4149 1015 4196 o,
1040 4134 1086 4200 lvo
1141 4124 1312 4205 spirituale
1332 4135 1481 4208 tanquam
1508 4143 1636 4202 musam
1659 4135 1871 4207 supponunt,
1894 4135 1928 4192 ut

303 4221 362 4285 Dei
375 4222 433 4298 13,
462 4232 538 4299 etc„
563 4227 608 4287 Da
625 4227 771 4291 aimonio.
783 4227 794 4309 )
806 4263 840 4276 -
858 4228 888 4292 d.
907 4229 973 4294 titii
995 4239 1085 4297 aeine
1141 4235 1217 4289 suot
1234 4225 1407 4302 tenenda,
1432 4233 1464 4289 et
1486 4226 1661 4306 pensiones
1678 4227 1927 4304 ecclesiastieae,

294 4321 541 4399 jurisdictionis
554 4325 871 4405 ecclesiasticas,sire
884 4327 1085 4410 voluntaria,
1141 4324 1292 4402 dietim,
1311 4325 1475 4404 ltiiffliiifflr
1491 4324 1690 4401 ⁰b¹⁸ii⁰¹¹0³r
1705 4335 1859 4405 slmiiaiin
1876 4344 1928 4390 ὅθ·

298 4421 374 4484 sire
390 4425 611 4490 contentiosae.
1141 4426 1282 4490 eundum
1295 4426 1350 4507 jus
1360 4426 1435 4492 illos
1449 4427 1645 4505 percipiendi
1656 4449 1666 4501 ;
1677 4427 1928 4492 oriuntureoim

341 4521 420 4583 item
442 4539 500 4586 nec
517 4525 691 4602 ordinans,
708 4545 767 4592 nec
781 4529 851 4610 eius
871 4531 1013 4598 ministri
1035 4552 1087 4600 ao·
1140 4544 1180 4591 0¹
1196 4525 1312 4601 0ffi050·
1327 4535 1359 4590 0¹
1372 4527 1553 4592 ῑῦῑῦῑὸῑθΐῑθ
1569 4526 1745 4607 8111111111

297 4615 409 4694 cipere
426 4618 551 4699 aliquid
568 4630 701 4699 possunt
723 4640 779 4702 pre
794 4625 911 4690 litteris
927 4628 1084 4694 dimisso·
1181 4629 1211 4689 1·
1228 4628 1274 4688 ne
1289 4627 1387 4707 primi
1400 4628 1523 4705 pesteris
1537 4627 1698 4707 spirituaii
1713 4627 1854 4691 annexis
1870 4645 1926 4694 an-

302 4717 381 4792 riis,
402 4727 458 4782 aut
493 4723 767 4790 testimonialibus
800 4729 953 4793 ordinum
976 4749 1086 4796 susce-
1140 4729 1322 4792 teredenter
1336 4725 1458 4790 dictum
1473 4737 1522 4790 est
1536 4745 1650 4807 sudrei
1663 4729 1723 4792 sed
1739 4729 1837 4793 teudi
1857 4731 1928 4792 Sino

301 4828 429 4899 piorum
446 4821 568 4902 absque
588 4824 667 4887 vitio
687 4825 855 4900 simonior,
879 4847 920 4893 ex
939 4831 1082 4897 trident.
1139 4828 1278 4892 simonie
1290 4827 1467 4910 nequitias
1483 4835 1679 4910 patronatus.
1693 4831 1814 4909 -lpsa
1829 4841 1926 4908 terra,

301 4935 382 4982 sess.
414 4921 472 4995 ut,
506 4937 575 5002 cap.
602 4925 635 4997 t,
664 4925 709 4986 lle
722 4929 862 5008 reform,
895 4930 952 4994 ubi
979 4938 1084 4995 tamen
1138 4929 1209 4994 sire
1229 4930 1340 5005 locus,
1364 4932 1401 4994 ad
1424 4931 1625 5011 sepuitorem
1644 4931 1926 4998 fideliumdeiun-

299 5022 521 5101 excipiuntur,
537 5027 593 5106 qui
614 5026 699 5090 iniis
715 5036 836 5093 lantum
852 5031 944 5106 locis,
961 5033 994 5096 in
1010 5033 1085 5113 qui·
1138 5037 1263 5093 olorum
1282 5031 1505 5110 deputandus,
1529 5033 1624 5096 rendi
1642 5033 1766 5114 absque
1785 5035 1923 5102 simonia

300 5121 359 5184 bus
374 5139 439 5187 non
465 5125 552 5204 riget
577 5127 749 5192 laudabilis
774 5133 977 5195 consuetudo
1000 5132 1081 5196 nibil
1138 5135 1258 5209 itemst,
1279 5131 1457 5195 dummodo
1480 5139 1574 5213 prout
1594 5140 1643 5196 est
1666 5133 1836 5200 benedicta
1860 5153 1922 5198 non

298 5223 499 5305 accipiendi,
531 5245 589 5306 pro
612 5229 753 5309 singulis
777 5229 996 5308 dimissoriis,
1024 5249 1083 5298 seu
1138 5229 1306 5294 vendatur.
1332 5231 1439 5295 Potest
1461 5232 1630 5296 occasione
1656 5234 1835 5314 sepulture
1867 5237 1924 5300 ali·
2024 5315 2025 5320 ἵ

297 5327 570 5392 testimonialibus
616 5331 773 5395 decimam
813 5341 934 5398 lantum
983 5334 1082 5400 unius
1137 5330 1217 5411 quid
1238 5331 1326 5410 exigi
1352 5347 1410 5413 pro
1436 5337 1679 5402 conservatione
1703 5335 1845 5411 fabricae,
1873 5337 1921 5400 rel
2024 5330 2025 5345 ¹

297 5427 389 5490 aurei
416 5437 536 5505 partem
562 5441 699 5512 possunt
721 5435 882 5514 accipere,
906 5435 1081 5502 dummodo
1137 5431 1327 5508 cemeterii,
1347 5449 1405 5512 pro
1426 5435 1659 5500 sustentatione
1681 5443 1868 5512 cautorum,
1892 5444 1922 5498 et

297 5523 348 5586 eis
366 5525 491 5591 nullum
507 5530 659 5594 salarium
676 5532 717 5594 sit
735 5533 943 5599 constitutum
958 5551 1015 5614 pro
1034 5535 1083 5600 oi·
1137 5531 1275 5597 aliorum
1304 5532 1481 5614 sepulturae
1501 5535 1723 5600 ministrorum
1731 5579 1741 5613 ,
1763 5554 1822 5618 pro
1845 5537 1923 5601 obli-

297 5623 371 5686 ticio
393 5629 591 5706 exercendo,
607 5638 638 5694 et
654 5630 807 5714 episeopo
821 5633 947 5697 uultum
963 5635 1081 5700 exinde
1136 5632 1264 5713 satione
1279 5633 1318 5696 ad
1331 5649 1408 5696 eum
1424 5631 1530 5698 locum
1545 5651 1609 5699 non
1624 5637 1831 5714 admittendi,
1857 5636 1921 5700 nisi
2022 5655 2023 5696 t

294 5725 553 5792 emolumentum
568 5733 740 5798 accedat.»
1136 5735 1288 5800 caderem
1316 5742 1411 5811 certo
1440 5735 1589 5814 familiae,
1625 5755 1682 5817 pro
1710 5739 1920 5804 concessione

237 5889 242 5901 ‚
345 5829 483 5894 «Pena
511 5831 674 5907 dantium,
705 5841 735 5898 cl
768 5835 993 5918 accipientium
1009 5855 1078 5902 mu·
1138 5836 1199 5902 loci
1215 5836 1440 5916 honoratioris,
1467 5846 1498 5902 et
1528 5841 1769 5918 emendatioris,
1798 5841 1917 5920 absque
2021 5849 2022 5854 ’
