4098 6448
806 364 1113 434 rurtrscauoutcr
1137 363 1399 428 comannorum.
1849 363 1906 428 ,pp

301 371 368 437 ltu

299 499 446 563 pensare,
463 497 587 561 eosque
601 480 634 543 in
657 476 830 560 pristinum
849 486 965 542 statum
988 475 1083 539 resti·
1140 473 1267 547 leviori,
1284 489 1348 536 nou
1363 481 1470 536 autem
1485 469 1526 532 da
1540 465 1669 544 actuali,
1684 473 1817 548 quaeest
1832 485 1906 546 pren,

299 591 390 648 tuere
407 597 523 660 posses
538 598 580 642 er
600 587 689 643 textu
713 596 742 641 u.
757 579 799 640 Ar
815 579 843 641 ai
862 575 971 644 elerici
990 577 1020 652 l,
1044 576 1091 636 De
1139 575 1339 656 gravissima.
1932 631 1936 640 ,

295 680 394 764 iadis.
414 679 457 742 tbi
470 698 479 741 ε
494 679 542 740 ba
557 679 722 742 adulteriis
735 695 809 740 vero
832 689 862 740 et
886 677 965 741 aliie
977 675 1094 742 etme-
1180 697 1195 734 ι
1219 673 1424 739 conveniunt
1442 682 1550 737 autem
1568 672 1755 754 degradatio
1769 675 1908 754 verbalis,
2004 679 2005 752 g

299 778 403 854 nidus,
416 795 483 858 qao
492 780 709 853 molmiooro,
722 787 827 860 polest
842 779 1093 860 episcopaturum
1140 779 1171 836 et
1191 771 1345 848 actualis,
1363 771 1450 852 quod
1467 789 1524 851 per
1543 779 1691 835 neutram
1715 771 1841 836 tollatur
1856 777 1909 840 ele·
2004 769 2005 824 ἒ

299 879 424 942 alaricis
441 887 519 957 port
542 885 706 959 peractum
720 880 937 960 poeniteamus
961 879 1091 959 dopea-
1140 873 1208 937 rioo
1231 880 1370 951 potestas
1385 871 1522 936 ordinis.
1547 871 1640 936 Unde
1666 875 1812 936 saoerdos
1827 877 1908 942 etiam

299 994 381 1040 aare.
397 977 459 1040 Sed
468 996 534 1040 uos
548 977 636 1042 aeter
646 979 812 1060 quemlibet
826 979 1014 1060 depositam,
1027 997 1094 1058 pro.
1138 976 1516 1056 actualiterdegradatus,
1529 975 1674 1040 sidebita
1686 975 1908 1056 materiassetior·
2004 1023 2005 1050 ι

300 1077 368 1139 aula
389 1077 568 1140 excessibus
584 1082 665 1158 (eum
683 1096 740 1141 ruo
756 1081 800 1142 ait
820 1082 949 1161 suariae
971 1079 1088 1160 officio,

301 1193 357 1236 rrae
373 1173 498 1256 duplici
517 1175 626 1240 deleat
643 1177 749 1258 ipsam
770 1179 960 1242 contritione
981 1172 1088 1240 eonta-

302 1272 383 1359 rere)
389 1275 496 1358 jodici
512 1275 636 1340 tradere
650 1277 810 1340 aoeealart'.

476 1421 490 1496 1
506 1420 540 1478 V.
555 1453 590 1466 -
602 1421 639 1478 [le
670 1421 874 1496 degradatione.

342 1587 368 1650 1.
391 1584 499 1649 Tertia
520 1597 613 1664 poena
632 1589 682 1646 ast
704 1580 901 1660 degradatio,
915 1594 979 1659 qua
1000 1575 1091 1642 oleri·

300 1702 358 1750 ous
373 1684 414 1748 ob
428 1683 577 1749 oriminis
592 1681 802 1755 atrooitatem,
821 1682 870 1746 rel
887 1679 1094 1760 incorrigibi-

301 1785 424 1850 litatem
452 1783 655 1860 solemniter,
680 1790 712 1845 et
737 1780 922 1845 autbeutioe
946 1781 1091 1860 privatur

300 1886 427 1961 ordine,
443 1882 612 1958 beneflcio,
635 1880 751 1958 oiiioio,
774 1887 806 1946 et
826 1888 908 1944 statu
933 1878 1090 1955 olerioali,

302 1985 345 2048 ita
365 1989 400 2047 ut
414 1979 602 2059 transeatpn
625 1987 813 2060 potestatem
834 1978 1034 2054 saecularem,
1060 1987 1098 2041 st.

301 2083 341 2146 ab
354 2099 392 2146 ea
406 2081 506 2146 instar
520 2078 593 2144 laici
608 2080 813 2154 incarcerari,
823 2077 1043 2153 condemnari,
1054 2093 1091 2140 ao

301 2182 431 2266 puniri,
456 2181 639 2246 seeundum
653 2182 750 2262 ,leges
774 2181 888 2261 possit.
905 2211 945 2226 -
964 2178 1092 2259 Duplex

301 2287 367 2354 ast,
394 2294 457 2344 una
486 2277 638 2350 verbalis,
663 2278 763 2343 ultera
790 2277 899 2342 realis.
934 2275 1091 2355 Verbalis,

309 2379 392 2454 siro,
409 2389 445 2444 ut
462 2379 559 2442 etiam
585 2384 804 2457 trunaupatur,
819 2376 1015 2442 seutemiolis
1031 2385 1090 2452 est,

305 2495 369 2556 qua
385 2476 546 2558 ejusmodi
563 2474 754 2556 privationis
780 2474 940 2540 sententia
953 2475 1092 2538 authen·

303 2577 364 2642 tioa
393 2575 584 2640 solemniter
620 2573 860 2656 promulgatur;
894 2572 1098 2655 scalisque

303 2679 399 2744 etiam
420 2675 569 2752 assumo,
585 2685 617 2742 ει
642 2676 788 2739 solemnia
811 2675 942 2751 dieitur,
963 2685 1012 2739 εει
1029 2691 1094 2755 qua

303 2779 472 2844 sententia
483 2777 524 2842 ita
539 2777 610 2842 lata
620 2775 920 2843 litaxseoutio.sola
937 2775 1095 2856 posterior

306 2877 512 2959 'tririlegium
531 2875 677 2951 oauonis,
701 2883 735 2940 et
754 2875 816 2939 lori
833 2873 954 2951 aalort;
978 2873 1095 2939 namsi

305 2983 495 3062 degradatus
510 2981 552 3046 sit
566 2979 687 3062 aliquis
710 2978 817 3044 solum
839 2979 1023 3052 verbaliter,
1039 2979 1096 3043 ad-

307 3081 370 3144 buo
396 3079 605 3162 privilegium
633 3078 714 3144 illud
737 3078 855 3144 retinet
868 3081 946 3144 dum
963 3097 1096 3145 essaeu-

306 3180 390 3246 ttoni
402 3179 576 3248 mandetur
593 3179 753 3244 sententia
772 3198 780 3246 ς
801 3187 839 3244 ει
854 3180 888 3244 iu
906 3180 968 3244 boo
981 3181 1096 3261 degra-

306 3278 394 3343 datio
420 3277 557 3344 rerbslis
586 3279 738 3344 convenit
772 3295 846 3344 oum
879 3279 1097 3360 depositione.

309 3377 421 3443 Diiiert
433 3389 541 3443 autem
554 3377 595 3443 ab
606 3379 673 3456 illa,
690 3379 777 3461 quod
798 3378 967 3446 ordinetur
981 3381 1021 3444 ad
1036 3380 1096 3446 do·

308 3479 529 3561 gradationem
546 3479 716 3558 actualem,
731 3480 770 3544 ad
793 3497 890 3560 quam
907 3497 926 3546 a
945 3480 1098 3561 degrada·

309 3580 399 3644 tione
428 3579 549 3644 verbali
573 3581 645 3645 sine
669 3595 752 3646 nora
776 3581 938 3648 sententia
967 3582 1097 3648 transiri

309 3686 430 3758 potsse
455 3679 489 3742 iu
516 3678 724 3760 depositione
751 3688 870 3756 autem,
905 3688 941 3744 ut
971 3681 1011 3746 ab
1039 3681 1098 3746 boo

307 3780 436 3846 transiri
465 3781 506 3844 ad
534 3780 799 3861 degradationem
828 3782 951 3850 realem
973 3781 1096 3864 possit,

308 3897 390 3962 opus
404 3886 453 3944 est
463 3897 545 3944 nova
560 3881 730 3946 sententia.

349 3985 389 4046 ll.
411 3983 594 4048 Diserimeu
622 3983 706 4046 iuter
733 3981 997 4062 degradationem
1025 3999 1098 4046 ror·

308 4081 428 4156 balam,
445 4089 478 4144 ει
492 4081 623 4158 ιειιειε,
638 4089 688 4144 εει
703 4083 842 4146 maxime
858 4083 986 4163 triplex.

351 4181 381 4242 1.
403 4180 596 4260 Degrudatio
627 4179 713 4242 euim
734 4179 891 4254 verbalis,
917 4188 953 4244 ut
976 4181 1098 4246 dietum

312 4290 374 4356 εει,
391 4295 454 4342 nou
472 4278 575 4358 privat
590 4277 744 4342 olerieum
758 4277 931 4359 priuilegio
948 4281 1096 4356 canonis,

310 4389 343 4446 ει
355 4379 431 4457 lori,
455 4379 558 4460 privat
573 4387 681 4442 autem
698 4376 885 4458 degradatio
899 4380 1011 4448 realis.

1141 1073 1908 1152 mautatur,ralideadbuaeouiioitsaoraraeutun

1140 1175 1368 1253 Euoburistioe3
1396 1184 1428 1240 ει
1452 1176 1528 1240 hino
1551 1175 1580 1239 si
1617 1179 1841 1242 restitueretur
1864 1200 1911 1260 per

1140 1293 1270 1356 papam,
1288 1294 1353 1341 nou
1372 1276 1504 1340 deberet
1523 1277 1563 1341 de
1586 1295 1670 1341 uoro
1692 1277 1849 1357 ordinari,
1864 1285 1910 1346 sed

1139 1371 1281 1456 insignia
1295 1381 1418 1440 ιιιιιιιιιι
1435 1375 1563 1439 restitui
1575 1397 1584 1452 ;
1606 1393 1679 1440 nam
1693 1377 1850 1444 obaraoler
1862 1381 1910 1444 im·

1140 1492 1274 1558 pressus
1292 1483 1415 1552 manet,
1434 1493 1542 1557 neque
1558 1494 1614 1558 per
1627 1477 1793 1541 bominem
1806 1479 1910 1545 euierri
2004 1527 2005 1530 ,

1141 1581 1268 1655 potest,
1285 1575 1345 1638 sed
1361 1575 1468 1639 solum
1482 1576 1673 1657 impeditur,
1698 1595 1741 1640 ne
1768 1577 1850 1642 lioita
1873 1585 1909 1646 uti
2004 1565 2005 1568 ¹

1141 1675 1333 1754 degradatus
1349 1681 1506 1754 potestate
1521 1677 1645 1740 ordinis
1660 1679 1776 1757 possit.
1794 1700 1811 1736 ι

1180 1775 1235 1836 111.
1258 1777 1284 1836 Α
1300 1791 1360 1854 quo
1378 1775 1449 1855 pieri
1462 1775 1646 1856 depredatio
1660 1777 1796 1840 verbalia
1809 1777 1910 1856 oldam,

1141 1891 1218 1954 ques
1233 1873 1270 1937 ol
1285 1893 1408 1951 εειιιει,
1421 1885 1451 1939 el
1465 1876 1639 1956 persudat
1650 1878 1697 1940 nd
1707 1880 1911 1958 primurnsaot
2004 1907 2005 1920 ¹

1142 1973 1264 2038 diversi
1280 1991 1373 2042 susos
1385 1997 1394 2038 s
1407 1977 1436 2040 1.
1457 1975 1490 2040 Si
1505 1977 1731 2057 degradandus
1749 1977 1791 2042 sit
1804 1979 1911 2061 episoo·
2004 2033 2005 2036 ι

1141 2091 1220 2154 pus,
1238 2077 1289 2140 rel
1310 2075 1484 2157 religiosus
1508 2083 1696 2158 exemptus,
1715 2082 1838 2145 secluso
1857 2085 1910 2163 pri·
2004 2085 2005 2124 ³

1143 2175 1283 2255 vilegio,
1300 2173 1352 2238 rel
1370 2175 1611 2240 consuetudine
1625 2177 1658 2242 id
1674 2179 1783 2258 quoad
1800 2180 1911 2262 religio
2004 2217 2005 2232 ι

1144 2289 1198 2336 εοε
1227 2274 1292 2336 sibi
1333 2272 1502 2354 subjootos
1541 2275 1749 2354 permittente
1787 2282 1910 2358 propriis
2004 2265 2005 2292 l

1145 2373 1288 2452 praelatis
1326 2374 1551 2455 regularibus,
1580 2379 1768 2459 degradatio
1795 2381 1911 2446 verbalis
2004 2433 2005 2452 .

1142 2474 1213 2538 lieri
1235 2481 1378 2555 potesta
1402 2476 1474 2540 solo
1497 2494 1588 2558 popa.
1605 2479 1654 2562 (C.
1668 2481 1910 2559 demutatis.

1143 2573 1291 2652 Quamuis
1308 2578 1339 2648 ¹1,
1355 2584 1432 2652 eto,
1447 2593 1543 2641 eausa
1560 2579 1592 2655 3,
1612 2586 1727 2660 quast.
1742 2579 1795 2664 e.)
2004 2607 2005 2614 ι

1165 2675 1214 2740 v2.
1236 2675 1269 2738 si
1291 2691 1370 2740 vero
1394 2677 1533 2742 interior
1550 2681 1685 2761 quidem
1715 2681 1860 2756 alericus,
1881 2685 1912 2747 ab
2004 2687 2005 2708 ²

1145 2773 1300 2854 episeopo
1318 2777 1462 2858 proprio,
1485 2778 1535 2842 rel
1562 2781 1641 2845 sede
1656 2789 1801 2861 raoaute,
1816 2786 1913 2866 roupi·

1145 2872 1235 2948 tulo,
1252 2883 1308 2936 aut
1333 2873 1448 2940 borum
1466 2878 1588 2944 risorio
1612 2882 1769 2961 generali,
1799 2884 1844 2947 rel
1860 2885 1912 2949 aiio
2004 2877 2005 2892 ³

1146 2987 1184 3034 ex
1203 2972 1337 3051 speoiuii
1352 2976 1583 3042 commissione
1597 2981 1762 3062 episcopi,
1779 2990 1829 3046 aut
1842 2987 1912 3064 eapi-

1146 3069 1219 3146 tull,
1248 3072 1325 3136 sede
1356 3083 1499 3152 vacante,
1527 3086 1564 3142 ul
1593 3079 1761 3162 oolligitur
1777 3101 1815 3146 ει
1839 3086 1910 3147 Trid.

1146 3187 1228 3234 sess.
1243 3172 1293 3248 13,
1308 3189 1377 3254 cap.
1396 3174 1428 3252 le,
1444 3177 1490 3238 De
1504 3181 1634 3260 reform

1187 3269 1236 3333 nd
1248 3272 1582 3354 remorabuntur,
1594 3288 1728 3358 propter
1745 3299 1816 3364 que
1828 3283 1910 3364 indigi

1147 3370 1332 3451 degradatio
1349 3375 1486 3439 verbalis
1497 3387 1614 3459 potest,
1630 3389 1707 3444 sunt
1727 3403 1737 3445 e
1754 3386 1783 3446 i·
1795 3385 1913 3447 llaresis

1149 3472 1330 3551 manifesta,
1344 3484 1377 3539 st
1394 3477 1497 3542 multo
1512 3482 1614 3560 magis
1627 3483 1789 3562 apostasia
1805 3502 1822 3547 a
1845 3487 1912 3556 ide,

1147 3571 1262 3636 sallem
1278 3590 1353 3637 oum
1369 3577 1444 3657 quis
1457 3577 1492 3641 in
1506 3577 1594 3644 iilum
1609 3581 1771 3662 relapsus,
1783 3585 1830 3648 rel
1843 3585 1873 3649 in
1884 3606 1912 3649 ιι

1148 3678 1320 3736 contumax
1335 3681 1394 3736 est.
1410 3674 1469 3757 (C.
1490 3675 1540 3738 Ad
1555 3677 1740 3741 molendam
1760 3681 1790 3756 9,
1813 3685 1852 3744 Dr
1865 3683 1913 3745 ta·

1147 3778 1223 3848 rel,
1239 3779 1271 3836 et
1286 3789 1315 3838 o.
1330 3775 1434 3855 Super
1453 3795 1486 3838 eu
1507 3778 1538 3854 l,
1556 3780 1629 3842 aod.
1645 3779 1680 3842 in
1698 3779 1754 3862 6.)
1770 3783 1845 3843 -i‘
1858 3783 1913 3845 iel·

1148 3871 1282 3936 sitioatio
1306 3874 1486 3939 litterarum
1516 3879 1780 3957 apostolicarum.
1805 3883 1914 3962 ((111

1147 3971 1353 4054 faboriorom
1367 3979 1397 4052 i,
1413 3978 1458 4039 De
1472 3979 1563 4040 erim.
1576 3977 1652 4059 [olei
1661 3999 1673 4050 ,·
1691 3990 1724 4043 et
1739 3997 1766 4044 a.
1785 3983 1913 4047 Nouimus

1089 4118 1093 4124 .
1147 4071 1199 4148 27,
1228 4073 1273 4135 De
1300 4075 1424 4138 oerlror.
1455 4075 1588 4157 siparis.)
1617 4111 1657 4124 -
1677 4079 1710 4139 3·
1734 4081 1913 4144 Contumelia

1149 4174 1278 4249 gravis,
1311 4173 1488 4250 calumnia,
1513 4176 1635 4240 crimen
1664 4176 1868 4252 insidiarum,
1889 4189 1914 4240 et

1149 4272 1914 4361 conspirationisinpropriumepiseopum.(cst

1150 4378 1219 4456 quia
1247 4379 1445 4443 secerdotum
1469 4383 1522 4455 18;
1546 4399 1575 4447 o.
1589 4383 1914 4460 somniaremus

349 4482 383 4546 2.
403 4479 594 4560 Degradatio
611 4477 747 4544 verbulis
763 4479 831 4544 lieri
848 4488 954 4560 polest
971 4482 1011 4546 ab
1025 4481 1097 4561 epi·
1153 4480 1202 4555 11,
1221 4491 1334 4560 quaest.
1356 4480 1407 4562 1.)
1431 4515 1470 4526 -
1491 4481 1523 4543 lu·
1538 4483 1770 4547 assassinium.
1797 4481 1808 4564 1
1819 4485 1850 4547 C.
1862 4485 1913 4546 Pro

309 4596 409 4662 scopo
433 4580 540 4644 solum
573 4579 780 4656 confirmato,
806 4583 951 4644 nondum
982 4598 1098 4646 conse·
1150 4579 1279 4646 bomani
1293 4585 1323 4656 1,
1338 4583 1383 4644 be
1396 4583 1565 4646 tomieidio
1578 4583 1613 4646 in
1627 4585 1774 4667 (1.)-11·
1786 4585 1914 4648 &donia

310 4689 409 4755 orato,
426 4689 457 4744 et
471 4679 604 4762 quidem
621 4697 735 4760 perse,
750 4680 800 4744 rel
812 4681 994 4761 paralium,
1007 4701 1097 4750 eous.
1148 4679 1365 4761 frequentata,
1389 4681 1451 4746 hoo
1478 4691 1528 4748 est
1553 4699 1618 4746 nou
1644 4686 1745 4752 semel
1770 4689 1913 4750 duntaxat.

311 4780 408 4844 etiam
442 4798 500 4862 ρει
527 4780 681 4844 vicarium
708 4763 911 4862 general'em,
943 4784 1100 4850 adhibitis
1151 4781 1208 4846 sed
1223 4783 1343 4862 sapius
1365 4783 1546 4860 commissa,
1567 4802 1608 4848 ex
1626 4786 1755 4849 constit.
1772 4786 1802 4848 S.
1817 4786 1858 4849 rii
1880 4786 1910 4853 t',

310 4898 439 4962 semper
467 4878 661 4944 adhibendis
677 4887 772 4958 prout
787 4881 869 4944 iufra
884 4882 1027 4958 dioetur;
1043 4901 1098 4950 so·
1151 4881 1266 4962 incipit
1292 4883 1508 4960 Kumandan,
1530 4886 1608 4952 adit.
1628 4887 1764 4952 Kalend.
1788 4889 1912 4966 septen·

312 4983 430 5048 lemnia
452 4997 529 5046 vero
546 4979 648 5044 asolo
664 4979 818 5060 episeopo
832 4990 1057 5046 conseereto...
1151 4981 1218 5046 bris
1233 4984 1321 5048 taos.
1338 5018 1377 5029 -
1390 4988 1422 5048 6⁰
1443 4985 1570 5048 Crimen
1585 5003 1654 5049 nora
1667 4985 1866 5060 sacerdotum,
1888 4983 1913 5044 id

351 5085 383 5146 3.
407 5081 584 5148 actualiter
601 5082 770 5162 depositus
793 5099 851 5162 per
865 5083 971 5146 solum
987 5101 1101 5166 papam
1151 5089 1221 5156 est,
1247 5083 1419 5148 celebratio
1442 5086 1634 5159 missarum,
1654 5091 1685 5150 et
1708 5086 1829 5150 auditio
1849 5101 1914 5147 eou-

311 5185 441 5248 restitui
457 5190 581 5264 potesta
603 5182 774 5248 verbaliter
798 5191 906 5248 autem
931 5187 1099 5264 depositus
1150 5179 1331 5248 fossionum
1359 5187 1639 5251 sacramentalium
1655 5195 1914 5266 temeroprosuu·

312 5282 592 5364 perepisoopum,
609 5283 668 5348 sed
685 5298 751 5348 uon
770 5284 946 5362 paralium
968 5285 1102 5352 inieris-
1153 5291 1204 5363 pta
1221 5284 1262 5346 ab
1287 5301 1348 5360 eo,
1379 5286 1438 5366 qui
1456 5303 1548 5350 sacro
1564 5289 1799 5368 presbyteratus
1819 5286 1913 5350 ordine

313 5401 394 5448 reru.
411 5385 464 5448 list
491 5383 592 5466 igitur
617 5383 758 5448 verbalis
781 5385 967 5465 degradatio
992 5388 1100 5452 mitior
1153 5395 1283 5450 nonest
1299 5386 1463 5463 initiatus,
1480 5405 1521 5450 ex
1535 5388 1666 5451 constit.
1682 5389 1831 5453 clement.
1845 5385 1912 5454 t'lll,
2004 5383 2005 5456 1

313 5497 417 5560 praua,
434 5497 531 5562 quarn
545 5481 654 5557 realis,
671 5489 703 5545 et
719 5481 793 5546 bine
812 5486 940 5564 quando
958 5487 991 5549 in
1002 5487 1099 5567 jure,
1151 5487 1225 5550 Elei
1246 5485 1345 5561 aliua,
1372 5487 1915 5553 edieaoeeemontooa-rie
2004 5499 2005 5568 ι

314 5588 347 5643 et
360 5583 712 5662 constitutiouaaliqua
727 5586 887 5664 reperitur
901 5587 1028 5650 urimiui
1043 5590 1102 5652 ali·
1153 5587 1288 5652 brientio
1311 5587 1561 5654 abadulteratio
1583 5599 1719 5655 monetae
1739 5605 1854 5660 nme·
1877 5581 1914 5642 *⁰¹

315 5679 368 5742 rui
384 5677 537 5760 imposita
550 5699 641 5762 prena
663 5683 924 5764 degradationis,
948 5687 981 5750 id
1006 5687 1102 5753 intel·
1153 5682 1913 5771 ειρειιιεε,ιιιιε1ιιειιιιιΙιειιιιιειαιςιιίειιιΙ
2004 5685 2005 5740 l

317 5779 375 5862 ligi
397 5781 494 5848 debet
517 5785 556 5848 de
574 5783 692 5848 verbuli
717 5785 956 5865 degradatione,
980 5790 1102 5870 quippo
1155 5790 1320 5870 expositio
1335 5791 1370 5856 iu
1385 5792 1507 5872 reguis,
1525 5785 1913 5872 proriuoiiseteiritatibus
