4042 6458
799 372 913 435 JURIS
928 369 1107 434 CANONICI
1133 369 1400 440 cournnmtlut.
1876 366 1932 432 tet

289 377 344 444 403

291 495 456 564 coturnus.
483 485 567 566 Ergo
590 483 712 548 Pilatus
747 489 778 548 et
801 483 908 548 iudei
937 484 978 547 de
1005 495 1079 561 rege
1137 490 1297 546 eramenta
1315 479 1527 546 ministranda
1545 477 1931 554 tenuissimumque
2014 543 2015 574 1

290 589 459 671 temporali
486 593 518 649 et
542 584 630 650 cirili
654 586 750 649 rerba
774 583 891 647 Christi
916 581 1081 664 intellige·
1137 580 1298 644 estetiam
1319 578 1508 660 temporalis
1530 585 1563 644 et
1580 576 1688 643 civilis
1708 578 1748 642 ud
1769 577 1860 658 leges
1885 575 1934 637 dl·

290 694 378 769 bant,
394 697 426 754 et
449 689 520 770 ipse
540 684 687 750 cbristus
703 699 767 747 non
783 691 906 746 tautum
921 699 986 746 nun
997 693 1079 746 uou-

293 792 431 865 tredicil‚
463 787 614 868 quinimo
645 784 733 848 hunc
753 801 886 847 sensum
911 790 1081 846 eteorum

291 892 534 974 persuasionem
548 885 713 950 confirmat
725 891 756 946 et
766 880 1082 946 corroboral.Pruiu·

290 997 396 1074 deque
425 989 527 1054 uoluit
555 997 705 1066 tanquam
736 1001 845 1062 regern
869 982 1080 1061 temporalem

290 1093 449 1164 coronari,
464 1085 609 1150 damnari
634 1085 674 1146 ad
700 1090 835 1146 mortem
866 1088 898 1145 et
923 1079 1080 1160 cruciligi.

290 1194 383 1256 loen.
398 1207 469 1264 xlx,
486 1189 507 1249 2
522 1208 531 1249 ε
547 1185 590 1248 Et
604 1184 719 1248 milites
732 1181 904 1263 plectentes
933 1199 1081 1243 coronam

290 1294 327 1356 de
342 1292 457 1372 spinis.
473 1291 689 1368 imposuerunt
709 1285 819 1366 capiti·
833 1285 900 1365 ejus
915 1304 926 1345 .·
944 1292 973 1345 et
999 1289 1082 1344 ueste

288 1408 455 1476 purpureo
474 1385 745 1450 circumdederant
765 1402 845 1451 eum,
861 1383 905 1445 Et
918 1380 1082 1445 ueniebant

291 1491 333 1554 ad
357 1509 436 1560 eum.
452 1496 479 1551 et
492 1485 634 1551 dicebant
648 1506 657 1548 .·
669 1484 744 1560 Aue,
758 1501 819 1546 rec
833 1481 1016 1546 leddarum

292 1596 342 1658 le.
362 1593 404 1654 m
443 1588 556 1652 exinde
580 1584 737 1666 qrtoerebat
765 1583 891 1646 Pilatus
923 1581 1082 1646 dimittere

293 1712 375 1758 aum.
403 1689 507 1754 iudei
530 1697 634 1748 autern
653 1684 832 1747 clamabant
849 1683 989 1747 dicentes
1014 1700 1023 1741 :
1045 1679 1082 1744 Si

291 1795 375 1858 bunc
395 1791 541 1862 dimittis,
558 1804 623 1848 non
637 1803 667 1845 es
684 1785 803 1846 amicus
816 1783 961 1846 Caesaris.
974 1780 1082 1844 Omnia

294 1895 384 1966 enias,
400 1890 455 1970 qui
471 1907 502 1950 se
524 1903 626 1966 reqem
638 1884 729 1963 facit,
746 1880 937 1944 contradicit
952 1880 1082 1945 Curari.

292 1995 418 2058 Pilatus
432 1999 619 2052 autemeam
636 1982 777 2046 audieret
794 1983 851 2043 tres
874 1998 1083 2044 sermones...

293 2094 372 2157 dicit
388 2093 431 2154 eis
446 2111 456 2152 .·
472 2090 552 2153 Ecce
568 2104 628 2148 reu
642 2095 755 2148 aester.
771 2083 827 2146 lttt
846 2091 950 2144 eutem
966 2079 1082 2144 ciama-

293 2193 384 2256 bant:
397 2189 496 2262 Tolle,
514 2185 600 2261 calte,
615 2186 763 2264 crucifipe
778 2201 857 2245 earn,
874 2182 961 2245 Dicit
972 2181 1016 2242 eis
1029 2177 1085 2242 Pi·

294 2291 377 2353 letus
394 2309 404 2350 :
423 2289 536 2366 Reqem
556 2294 696 2347 uestrum
718 2282 921 2362 craeifiqcm?
943 2281 1084 2360 Respon-

292 2390 406 2454 derunt
419 2386 583 2466 pontipiccs
599 2383 695 2448 :Nan
718 2381 866 2444 hebemus
890 2397 994 2458 rapere
1017 2377 1084 2440 nisi

293 2490 456 2556 Caesarem.
488 2489 575 2548 Tunc
603 2501 679 2563 erpa
708 2481 845 2546 tradidit
865 2483 908 2545 eis
931 2481 1023 2545 illurn
1047 2487 1093 2541 ut*

291 2591 568 2670 crucifigeretur...
583 2587 677 2647 loun.
693 2601 754 2646 xcx
770 2583 928 2662 :Scripsit
940 2586 1085 2644 autemst

293 2688 423 2755 titulum
433 2686 570 2757 Pilatus,
585 2691 614 2746 et
627 2684 734 2763 posuit
753 2699 850 2762 super
865 2699 1001 2757 crucem,
1017 2688 1084 2742 eret

286 2797 397 2852 uatem
410 2787 567 2865 scripturn
581 2784 697 2845 :lusus
716 2783 923 2850 Naeuianus,
941 2796 1002 2840 nex
1025 2779 1084 2840 Ju-

288 2905 446 2952 ueunuu.
465 2889 512 2949 lix
527 2885 647 2967 quibus
661 2881 802 2946 textibus
819 2879 1020 2961 impossibile
1036 2885 1085 2940 est

290 2987 380 3055 iliud
395 2987 581 3067 intelligere
597 2985 662 3050 nisi
677 3001 787 3066 regem
814 2983 1027 3062 temporalem
1053 2987 1085 3043 et

293 3087 441 3162 uirilem
456 3085 604 3150 Christus
631 3101 708 3166 ergo
723 3084 828 3163 spinis
842 3088 1023 3150 coronatus,
1044 3080 1085 3142 ud

295 3197 429 3251 mortem
444 3186 614 3249 damnatus
631 3192 662 3248 et
677 3184 854 3247 crucifixus
872 3182 936 3246 fuit
950 3180 1029 3261 quia
1049 3199 1085 3244 se

294 3288 419 3352 dicebat
433 3304 540 3366 regem
555 3286 587 3347 in
605 3286 718 3348 eodem
731 3301 829 3348 sensu
849 3301 885 3347 uc
910 3283 1013 3346 Cesar
1027 3279 1083 3362 qui

295 3382 1086 3458 tuuceratrexludaeisdominens3itupulurerunt

293 3489 417 3552 Pilatus
434 3495 465 3548 et
483 3483 855 3561 toletanensem
879 3481 999 3568 scripta
1023 3478 1085 3542 luit

292 3593 327 3655 ln
344 3605 451 3662 cruce,
470 3594 501 3650 et
517 3589 637 3650 nedum
653 3584 729 3648 huie
744 3599 857 3648 eorum
873 3581 989 3646 sensui
1003 3597 1084 3645 eon·

293 3689 475 3764 tradieerel‚
488 3687 634 3753 Clrrislus
648 3685 814 3749 allirmarit
828 3682 952 3764 pluries
966 3689 998 3745 el
1013 3697 1087 3744 ouu-

292 3808 359 3856 saur
374 3790 483 3854 subiit.
505 3787 744 3868 ErgaCbristus
755 3793 804 3849 est
817 3801 894 3850 rere
906 3792 937 3847 et
953 3781 1084 3864 proprie

294 3909 351 3955 rex
375 3891 483 3955 civilis
501 3897 531 3952 et
548 3886 733 3968 temporalis
755 3887 955 3961 trrdmorum,
974 3885 1081 3960 idest,

295 3991 386 4068 regni
404 3990 476 4062 Dei,
491 3989 578 4068 qued
595 3997 643 4052 esl
655 3987 815 4063 Ecclesia;
836 3987 977 4067 ideoque
1001 3985 1086 4064 regi·

296 4107 371 4155 men
388 4089 540 4152 Ecclesies
553 4087 726 4166 temporale
751 4093 782 4148 et
805 4087 901 4149 civile
919 4086 1001 4149 nulli
1027 4085 1086 4150 lto·

293 4193 419 4257 minum
436 4188 583 4269 potestati
605 4185 789 4268 subjicitur,
811 4203 871 4250 nec
890 4185 1008 4267 subjici
1025 4203 1083 4266 pe·

293 4299 354 4354 tesl
373 4287 438 4351 nisi
453 4287 518 4350 sint
532 4285 572 4348 ub
588 4287 660 4367 ipso
674 4284 800 4349 Christo
815 4283 1001 4348 immediate
1024 4284 1083 4347 de·

293 4391 408 4474 putati,
423 4388 560 4470 delegati
578 4397 610 4452 et
627 4388 731 4452 missi.

548 4535 704 4579 enetoslrte
720 4537 829 4578 Tffl'lis

327 4650 560 4710 elrrlstusriuens
575 4649 602 4705 in
619 4650 702 4706 terris
713 4665 790 4706 susm
802 4649 904 4723 regiam
918 4659 1081 4726 potestatem

291 4743 401 4802 ciuilem
422 4752 450 4799 et
475 4740 654 4807 temporalem
669 4755 719 4812 per
734 4755 878 4812 supremos
895 4753 923 4800 et
949 4745 1083 4802 maximos

292 4834 436 4909 potestatis
450 4840 527 4890 uetus
539 4833 672 4890 exercuit.

333 4940 490 5004 Probatur
510 4939 700 5003 tetuinus
719 4940 862 5007 instituit
886 4951 918 5006 et
943 4945 1082 5025 periente

283 5037 466 5106 ‘eltnstltuit
485 5039 679 5120 gubernium
711 5043 802 5122 regni
831 5044 883 5105 sui
903 5045 1035 5124 plenum
1050 5053 1082 5109 et

276 5139 508 5221 ‘conspicuum
542 5149 692 5204 constans
726 5145 896 5208 monurcbe
931 5154 1081 5228 tanquam

1136 681 1282 762 scipiinae
1315 681 1512 756 condendus)
1548 680 1671 762 quibus
1709 678 1935 759 snbjiciuntur
2014 677 2015 696 ¹

1135 779 1932 858 omnestumlaici,lumeeclesiasticiChristillicle·

1135 881 1196 959 les,
1211 881 1398 964 quibusque
1417 881 1575 961 privative
1592 889 1624 945 et
1640 882 1808 945 exclusive
1818 880 1935 942 abella

1135 981 1276 1045 humane
1289 980 1381 1045 cirili
1398 987 1553 1060 potestate
1572 989 1732 1060 reguntur
1746 980 1830 1042 bona
1856 985 1923 1038 tem

1136 1082 1258 1162 puralie
1280 1078 1508 1144 ecclesiastice.
1530 1079 1673 1158 ideoque
1704 1077 1849 1140 ministri
1876 1091 1934 1136 sen

1136 1181 1264 1244 diaconi
1289 1196 1329 1243 ex
1355 1179 1558 1243 ordinatione
1576 1177 1694 1242 Christi
1717 1175 1854 1241 tuerent
1884 1176 1939 1237 iu-

1136 1281 1240 1344 stiluti
1254 1280 1292 1344 ad
1309 1279 1392 1344 boue
1411 1279 1590 1343 materialis
1603 1283 1635 1341 et
1658 1295 1711 1340 res
1738 1279 1938 1356 temporales

1135 1380 1438 1444 administrandum.
1457 1379 1556 1460 Atqui
1577 1377 1786 1442 manileslum
1807 1387 1861 1440 est
1885 1395 1937 1439 re·

1136 1497 1208 1562 gem
1224 1497 1282 1545 seu
1299 1479 1502 1545 monarcham
1512 1495 1741 1561 quemcunque
1757 1489 1822 1542 non
1839 1491 1937 1558 posse

1136 1580 1242 1645 ullum
1264 1581 1421 1663 majorem
1446 1598 1608 1660 supreme
1631 1581 1798 1659 potestatis
1826 1590 1937 1642 ectum

1137 1696 1290 1747 exercere
1332 1699 1430 1763 quam
1452 1683 1653 1764 ¹hujusmodi
1686 1685 1740 1747 sui
1778 1683 1936 1764 gubernii

1137 1784 1414 1848 constitutionem.
1432 1787 1516 1865 Ergo
1535 1784 1693 1860 Christus,
1710 1795 1772 1848 etc.

1176 1885 1216 1947 lt.
1241 1884 1388 1948 Christus
1410 1882 1588 1947 declararit
1612 1902 1648 1947 se
1672 1885 1814 1965 ejusque
1839 1883 1937 1963 regui

1139 1981 1281 2045 membra
1305 1997 1369 2046 nun
1390 1983 1492 2045 teneri
1506 1985 1546 2047 ad
1561 1983 1680 2047 tribula
1695 1984 1823 2062 regibus
1841 1991 1940 2045 terre

1137 2081 1305 2146 soluenda.
1330 2083 1442 2147 Multh.
1467 2101 1547 2156 xvir,
1575 2085 1702 2156 &mibi
1730 2101 1738 2146 :
1764 2084 1852 2161 Quid
1881 2083 1938 2144 tibi

1137 2183 1274 2258 videtur,
1297 2184 1427 2247 Simon?
1445 2185 1543 2264 Ileqes
1566 2195 1659 2246 terrie
1676 2204 1696 2246 e
1712 2184 1823 2264 quibus
1850 2183 1940 2244 ucci-

1136 2287 1229 2367 piunt
1247 2287 1404 2350 tributum
1417 2287 1466 2348 aet
1487 2290 1635 2350 censum?
1654 2285 1772 2364 Apate
1791 2285 1878 2356 suis,
1897 2297 1939 2343 an

1137 2386 1175 2449 ult
1200 2384 1340 2448 alienis?
1359 2387 1400 2448 m
1421 2386 1476 2448 ille
1500 2387 1587 2449 discit
1602 2405 1612 2447 :
1626 2386 1673 2448 nt
1688 2383 1811 2447 alienis.
1837 2385 1939 2445 Discit

1140 2485 1189 2549 itii
1217 2488 1311 2548 decus
1330 2505 1340 2545 .·
1357 2487 1444 2565 Erpa
1466 2486 1559 2548 liberi
1579 2493 1653 2548 suist
1675 2485 1749 2566 filiis
1769 2487 1807 2548 ut
1827 2497 1938 2546 autern

1137 2603 1202 2647 non
1213 2585 1461 2649 scandalizemus
1479 2605 1544 2662 ecs,
1556 2586 1633 2649 eade
1647 2587 1688 2648 ad
1701 2603 1794 2659 mare,
1806 2595 1834 2646 et
1845 2586 1940 2645 mitte

1138 2689 1273 2761 immun,
1295 2697 1323 2749 et
1339 2707 1406 2750 enus
1426 2689 1547 2768 piscem
1565 2690 1620 2768 qui
1642 2689 1736 2768 prius
1755 2684 1939 2749 escenderit

1139 2789 1225 2861 totle,
1243 2798 1275 2850 et
1291 2797 1403 2869 aperto
1426 2808 1480 2852 ore
1505 2791 1571 2872 ejas
1597 2791 1735 2851 inuenies
1757 2799 1939 2850 staterem:

1142 2888 1232 2950 illurn
1253 2909 1378 2951 sumens
1396 2889 1437 2952 da
1454 2893 1498 2954 eis
1513 2908 1573 2971 pro
1589 2909 1636 2951 sne
1655 2901 1685 2952 et
1703 2899 1743 2954 te.
1769 2891 1816 2954 En
1836 2892 1937 2953 rerba

1139 2989 1270 3052 Domini
1288 2990 1469 3055 luculenter
1479 2991 1935 3080 ostendentiaexemptionem

1140 3104 1248 3153 rerum
1270 3100 1302 3154 et
1321 3106 1533 3172 personarum
1574 3093 1891 3169 ecclesiasticarum,
1907 3102 1936 3154 et

1139 3189 1227 3270 qod
1256 3190 1405 3254 Christus
1436 3192 1566 3270 atejus
1596 3191 1688 3272 regni
1717 3191 1871 3266 membra,
1904 3192 1935 3253 in

1139 3207 1232 3352 1)ιῇτο
1248 3297 1473 3368 representata
1491 3307 1557 3352 non
1581 3297 1732 3353 tenentur
1754 3292 1794 3353 ad
1814 3293 1934 3354 tributu

1139 3388 1933 3472 solvendaproutinieruntsanetusllierenymus.

1140 3487 1240 3561 ibi‚et
1252 3497 1383 3553 sanctus
1395 3493 1597 3572 Augustinus
1612 3491 1669 3556 lib.
1682 3510 1706 3568 t,
1717 3492 1834 3569 Quart.
1844 3511 1937 3555 econ·

1138 3587 1230 3669 qelic.
1247 3608 1279 3670 q.
1300 3591 1351 3664 23,
1368 3591 1412 3654 ite
1426 3592 1522 3655 elium
1538 3593 1695 3668 Ferraris,
1713 3611 1742 3656 r.
1761 3593 1861 3668 Bene,
1874 3601 1931 3657 art.

1140 3691 1169 3761 1,
1187 3707 1219 3751 n.
1237 3689 1285 3752 te.
1304 3691 1365 3752 Sed
1388 3707 1582 3756 econverso
1608 3709 1666 3772 pro
1686 3710 1721 3756 se
1745 3700 1776 3756 et
1796 3691 1935 3774 collegio

1140 3791 1322 3870 apostolice
1336 3793 1459 3872 sucepit
1469 3793 1650 3857 oblationes
1660 3801 1693 3858 et
1705 3797 1798 3874 quasi
1815 3797 1933 3858 tributa

1139 3892 1339 3954 credentium
1356 3891 1389 3954 in
1409 3909 1496 3966 eumq
1515 3900 1549 3955 ut
1565 3891 1701 3957 habetur
1714 3895 1749 3957 in
1770 3897 1848 3958 Luc.
1865 3913 1920 3976 rap

1139 4009 1207 4065 rur,
1223 3992 1243 4053 2
1257 3999 1288 4054 et
1304 3991 1341 4053 3.·
1351 3989 1458 4054 Μανία
1471 4007 1538 4071 qare
1552 4004 1686 4057 occatur
1705 3993 1930 4075 Mapdclene...

1138 4093 1182 4154 Et
1191 4094 1317 4155 taenea
1330 4111 1416 4156 ucar
1430 4095 1541 4158 censa
1550 4097 1774 4175 procuratoris
1785 4097 1930 4168 Heredis.

1140 4202 1168 4253 et
1182 4193 1339 4268 Susanna,
1358 4203 1389 4255 et
1409 4194 1481 4256 elie
1501 4195 1606 4257 multe
1619 4212 1686 4276 qaae
1708 4197 1931 4262 ministrabunt

1139 4291 1168 4352 ei
1182 4289 1220 4352 de
1233 4291 1441 4372 facultatibus
1461 4294 1541 4357 suis.
1557 4295 1641 4374 Ergo
1655 4294 1805 4360 Christus
1823 4299 1858 4361 in
1880 4299 1930 4360 lris

1138 4395 1234 4454 eliam
1256 4407 1348 4454 suam
1370 4393 1493 4474 regiam
1517 4401 1707 4473 potestatem
1721 4397 1929 4479 temporalem

1138 4491 1385 4557 demonstravit.

1178 4593 1244 4654 llec
1263 4591 1362 4671 objici
1379 4600 1484 4672 polest
1507 4597 1596 4676 quod
1619 4595 1767 4660 Christus
1791 4597 1928 4662 noluerit

1138 4695 1303 4770 acceptare
1323 4691 1512 4757 electionem
1538 4711 1628 4758 suam
1647 4695 1681 4757 in
1699 4713 1823 4777 regem.
1837 4699 1925 4761 toan.

1137 4808 1181 4864 vr,
1201 4790 1239 4853 15
1255 4806 1262 4848 ι
1280 4791 1358 4854 Cum
1372 4794 1578 4871 eoqnooisset,
1595 4795 1669 4873 quia
1679 4797 1811 4858 uenturi
1822 4807 1926 4868 essent,

1137 4895 1175 4950 at
1188 4888 1330 4967 [aderent
1348 4907 1416 4952 eum
1429 4908 1546 4972 regern,
1561 4895 1645 4975 sapit
1663 4895 1780 4958 iterum
1793 4897 1830 4959 in
1843 4915 1926 4958 maa·

1138 4995 1199 5048 tem
1212 4987 1312 5051 sotus.

1176 5064 1260 5139 Quia
1284 5066 1389 5130 uoluit
1405 5067 1567 5148 Christus,
1582 5073 1640 5153 qui
1662 5091 1719 5136 rex
1745 5091 1787 5138 ex
1811 5083 1925 5140 selerne

1133 5163 1207 5244 jure
1233 5173 1311 5238 erut,
1332 5165 1371 5228 ab
1397 5167 1585 5233 hominibus.
1607 5181 1773 5252 acceptare
1798 5178 1883 5255 quod
1909 5193 1924 5236 a

281 5237 484 5340 'ricarlosuo
499 5249 529 5304 et
545 5259 731 5308 successore
747 5248 993 5325 suepotestetis
1010 5248 1083 5329 ple·
1137 5263 1314 5342 semetipso
1343 5263 1499 5339 habeba„
1530 5285 1590 5330 „00
1614 5268 1692 5349 gppgp
1720 5273 1753 5333 ju
1780 5289 1889 5351 regem
1910 5292 1924 5334 ἃ

273 5337 463 5438 ξιιὶιιιιῆηίε,
481 5349 511 5405 et
529 5344 592 5407 snb
612 5344 783 5409 monarcha
807 5347 937 5428 regibus
962 5356 993 5412 cl
1016 5367 1081 5414 ma·
1136 5363 1257 5426 Judaels
1279 5361 1339 5444 qui
1362 5381 1438 5427 eum
1463 5369 1610 5448 negaturi
1636 5378 1742 5444 erent;
1771 5389 1833 5435 nec
1855 5376 1925 5438 aare

288 5441 477 5524 gistratilrus
498 5459 557 5505 seu
584 5443 812 5526 episcopium
836 5449 1079 5531 subepiscopis
1138 5471 1327 5540 pusterlam
1355 5467 1510 5531 Romanis
1536 5487 1611 5532 eum
1634 5479 1788 5551 tanquam
1814 5475 1923 5542 eaesqri

277 5551 400 5607 'eorum
426 5541 635 5623 ndjutnribus
651 5562 709 5609 seu
728 5548 924 5628 presbyteris
938 5559 968 5613 et
983 5551 1081 5615 ruini·
1135 5561 1291 5626 rebellem
1328 5566 1493 5630 tractandi.
1522 5567 1633 5632 Noluit
1664 5573 1851 5636 consentire
1869 5577 1923 5636 la·

282 5641 1077 5730 suls,urtuitinlibroldemonslraurm.sane,
1135 5661 1213 5726 deis
1246 5662 1443 5742 eligentibus
1477 5683 1552 5730 eum
1586 5685 1695 5748 regem
1719 5674 1923 5734 solummedo

287 5740 355 5804 haec
384 5741 566 5807 hierarchia
589 5751 636 5808 esl
661 5745 814 5824 primario
839 5750 1019 5829 spiritualis
1038 5754 1079 5818 ad
1134 5763 1344 5842 temporalem
1369 5771 1402 5828 et
1422 5783 1480 5845 pro
1501 5767 1616 5846 seipsis
1632 5769 1733 5846 solis;
1757 5773 1836 5854 quia
1862 5781 1923 5836 emt

287 5842 453 5909 raritatem
472 5845 547 5911 ssdei
564 5852 596 5912 et
612 5861 741 5914 merum
760 5847 950 5933 docendam,
970 5852 1009 5919 nd
1028 5872 1079 5920 sa·
1135 5877 1268 5942 queque
1284 5879 1341 5928 rex
1358 5863 1539 5944 spiritualis
1559 5873 1590 5932 et
1615 5871 1781 5946 sacerdos,
1805 5878 1837 5934 et
1863 5887 1920 5935 nan
