4044 6458
95 399 151 470 87³

95 537 114 582 r
128 519 284 584 Decreiol.
301 529 332 586 et
345 541 414 603 cap.
431 523 512 586 Licet
526 525 576 586 30.
595 525 639 586 ue
652 523 884 612 simoniopcnp.

96 619 175 686 Cum
190 621 323 686 dilectus
338 625 369 699 Ξ,
388 623 434 685 iii.
451 643 486 696 x,
503 621 558 688 tib.
575 641 599 685 rr
614 619 780 704 necasset.)

134 721 165 784 is.
190 725 298 787 Potest
315 730 420 787 tamen
432 725 546 806 juder,
559 731 707 804 senioreto
719 703 882 803 processu,

96 823 269 902 procedere
282 832 391 886 con-iro
404 839 491 900 aum,
503 825 550 902 cuj
558 841 595 886 ns
607 823 759 886 delicium
772 821 885 902 probe-

96 929 165 983 ium
184 921 246 986 luit
261 941 278 986 a
295 938 362 996 reo,
380 923 459 986 illud
471 922 681 986 criminaliter
697 921 883 1002 objiciente.

95 1021 178 1096 Quia
196 1029 271 1086 tunc
287 1022 456 1103 injudicio
476 1021 623 1087 criminis
638 1022 821 1097 convictus,
836 1025 885 1084 est

95 1122 292 1198 diffamatus,
309 1123 374 1186 imo
400 1129 432 1186 ei
456 1126 633 1200 notorius;
661 1124 800 1208 ideoque
823 1125 884 1187 boc

96 1219 193 1282 modo
209 1219 392 1284 convictum
404 1221 506 1302 juder
534 1221 743 1305 inquisitorio
756 1237 884 1304 proces·

95 1334 134 1382 su
150 1318 323 1391 discutere.
342 1327 373 1384 ei
389 1319 547 1402 condigna
561 1339 652 1403 poena
669 1323 807 1400 plectere
821 1337 884 1402 po·

96 1423 201 1482 testei
217 1419 324 1484 debet.

135 1519 177 1580 ii.
191 1519 230 1582 iu
243 1519 589 1608 receptionecriminoli
607 1520 813 1586 criminaliter
835 1521 884 1602 io·

94 1625 157 1689 cto,
173 1618 318 1698 procedit
331 1619 441 1700 regula
462 1621 637 1700 generalis,
662 1619 883 1684 edoctoribus

95 1721 311 1782 communiter
336 1720 499 1796 admissa,
525 1719 748 1801 exceptionem
783 1737 882 1783 accu-

94 1819 212 1882 sationi
227 1821 420 1901 equiperari
444 1862 455 1897 ,
491 1829 588 1903 eique
605 1821 735 1885 eosdem
754 1819 822 1884 iera
837 1817 884 1882 ol·

93 1917 200 1982 lectus
228 1921 350 1984 sortiri.
377 1921 471 1995 ilinc,
495 1956 534 1970 -
560 1923 590 1986 1.
613 1921 757 2003 Exprimi
788 1921 884 1984 debet

94 2020 242 2084 criminis
257 2021 421 2085 commissi
440 2023 530 2087 locus
547 2030 579 2087 et
594 2024 805 2102 tempus-2.
817 2021 880 2084 Nc·

93 2121 166 2200 quit
196 2119 395 2186 intervenire
416 2130 614 2203 procurator.
632 2155 671 2170 -
688 2123 719 2186 3.
748 2123 780 2186 Si
797 2121 883 2186 esci·

94 2219 189 2297 piens
221 2226 336 2302 probet
364 2225 498 2298 crimen,
529 2230 694 2287 accusator
720 2221 768 2286 sel
793 2221 882 2286 iestis

93 2317 277 2395 convictus,
293 2337 356 2384 non
374 2328 498 2387 tentum
526 2323 685 2387 removeri
701 2323 807 2399 debet,
826 2319 882 2384 sed

94 2417 193 2479 etiam
207 2419 312 2497 puniri
332 2435 424 2498 poena
444 2419 547 2502 ajuro
559 2426 688 2496 statute,
706 2419 754 2482 sel
770 2419 799 2482 si
818 2435 881 2482 non

94 2517 199 2588 sit,'ed
212 2520 408 2584 arbitrariam
421 2521 883 2602 condignemcondemnari.-

94 2615 125 2679 b.
142 2618 175 2680 si
191 2635 208 2682 e
223 2625 332 2682 contre
347 2619 513 2700 excipiens
531 2623 653 2685 crimen
668 2638 730 2685 non
749 2619 882 2702 probet,

93 2717 192 2782 debet
218 2719 371 2799 ejudice
397 2739 454 2800 per
482 2721 654 2801 specialem
690 2720 881 2784 sententiam

93 2819 218 2883 absolsi
236 2819 303 2896 ille,
323 2829 433 2884 conire
457 2839 554 2903 quem
572 2819 724 2885 delicium
745 2819 883 2901 objicio·

92 2916 215 2993 batur;
244 2923 275 2981 et
302 2918 434 2998 quidem
449 2918 491 2981 ita
513 2925 548 2981 ui
570 2933 721 2996 supereo
749 2915 883 2980 crimine

93 3016 205 3079 denuo
218 3018 375 3094 accusari,
396 3018 492 3082 eiiam
508 3015 548 3081 eb
569 3015 645 3090 aiio,
661 3031 726 3080 non
745 3015 882 3093 amplius

94 3117 212 3197 possit.
224 3150 263 3164 -
276 3117 308 3181 5.
324 3117 442 3199 Nequit
459 3124 565 3182 teman
586 3115 694 3196 puniri
716 3115 882 3196 excipiens

91 3215 279 3297 quicrimsn
288 3232 351 3279 non
364 3212 883 3296 potuiiproberaii'ioesmmu·

90 3333 252 3381 eamean.
269 3316 301 3378 in
317 3317 366 3379 iit.
383 3335 407 3392 1,
425 3315 481 3378 lib.
498 3332 515 3377 s
534 3314 684 3379 Decretol.
703 3332 737 3379 n.
752 3317 839 3398 250.)

132 3416 190 3478 lli.
212 3413 475 3494 Quasi-mespila
488 3431 524 3478 ee
543 3421 592 3478 cst
609 3429 681 3493 que
693 3413 882 3493 proponitur

92 3533 109 3577 a
129 3513 274 3596 qualibet
289 3531 438 3596 persone,
454 3515 492 3579 ad
512 3513 756 3593 impediendum
772 3529 813 3577 ne
830 3510 882 3575 in·

91 3615 213 3694 dignus
236 3615 275 3680 od
318 3613 518 3694 praelaturam
562 3614 795 3694 dignitatemve
824 3619 880 3678 eut

91 3714 288 3780 beneficium
312 3721 552 3796 promoveatur.
577 3715 624 3778 Iie
640 3731 675 3776 ea
701 3722 809 3778 eutem
834 3711 881 3777 sic

91 3817 234 3880 decrerit
255 3817 463 3880 Innocentius
480 3815 541 3890 ill,
556 3832 624 3896 cop.
652 3815 702 3890 ib,
718 3814 767 3880 iii.
783 3830 808 3891 r,
822 3811 879 3877 lib.

92 3935 112 3984 v
145 3917 266 3980 Deerit.
299 3937 310 3978 .·
338 3915 415 3976 ilum
433 3916 608 3996 opponitur
625 3923 661 3976 ui
681 3917 784 3997 quise
807 3929 881 3996 pro·

92 4021 232 4082 motione
256 4017 354 4098 officii
381 4015 429 4078 oei
449 4015 590 4097 beneficii
617 4015 825 4094 excludatur,
852 4019 882 4080 si

91 4127 166 4182 nnio
187 4118 453 4199 confirmationem
481 4115 724 4196 objicitus,een
754 4119 881 4200 copitar

91 4221 258 4300 quisquam
273 4215 444 4280 inscribere
458 4214 596 4298 (scilicet
620 4217 656 4280 iss
671 4217 802 4282 talionis
816 4235 881 4300 po·

89 4318 174 4400 nom)
194 4339 203 4392 i
221 4318 297 4402 quio
309 4318 424 4379 crimen
439 4313 498 4379 boc
522 4315 613 4378 modo
627 4317 806 4396 probatum,
822 4317 880 4381 im·

87 4420 179 4500 pedit
195 4415 453 4500 promovendum,
464 4415 518 4479 sed
527 4434 591 4480 non
605 4415 714 4497 dejicit
723 4417 791 4500 jam
798 4433 879 4498 pro·

89 4515 878 4599 motum.Postcouiirmoiionemoero,cumseiiieet

91 4615 289 4678 ordinandus
310 4617 408 4698 [uerit
439 4613 557 4696 ulipuis
580 4622 636 4678 out
659 4615 752 4678 etiam
773 4634 879 4680 conse·

90 4699 231 4777 croadas
243 4713 329 4795 (quio
353 4715 447 4778 etium
459 4713 498 4780 ob
514 4714 681 4780 obtinendo
694 4715 819 4798 repellit
848 4723 878 4779 ei

90 4812 201 4894 dejecit
228 4813 266 4878 ob
287 4815 438 4896 obtento),
453 4813 496 4877 od
512 4816 800 4879 entraordinariom
813 4835 877 4898 pas-

89 4932 164 4975 nom
177 4915 345 4978 secundum
365 4915 537 4979 arbitrium
545 4915 665 4998 iudicis
679 4916 817 4992 discreti,
833 4917 878 4980 ci·

87 5021 142 5074 iro
154 5011 316 5078 uocatam
334 5015 565 5094 inscriptionis,
581 5023 623 5076 est
642 5016 799 5095 occipiens
810 5016 877 5079 dis·

87 5109 288 5190 tribuendus,
301 5113 332 5175 si
348 5110 492 5194 deiecerit
512 5113 547 5174 in
559 5112 734 5193 probando.

392 5231 510 5291 carui
529 5231 576 5288 Xl.

86 5341 152 5399 Telo
177 5359 313 5412 processus
334 5347 482 5402 criminalis
503 5347 634 5402 ordinarii
656 5347 690 5402 ob
711 5349 890 5406 immortuus·

126 5521 163 5584 ln
179 5537 372 5603 quecunque
384 5540 553 5604 processus
568 5525 743 5589 criminalis
759 5527 872 5603 torma,

83 5619 189 5703 prima
207 5622 351 5702 operatio
377 5634 425 5686 est
440 5624 539 5688 libelii
553 5627 723 5706 porrectio.
741 5625 873 5708 Excipi·

324 405 422 469 rins
440 407 474 470 v,
495 407 544 470 nii
562 405 742 470 iunioris,
754 403 873 468 *le
892 402 981 467 xiti.
1000 405 1051 468 nb
1069 405 1258 470 ECGLESIAE
1276 407 1501 472 POTES'I'A'I’E.

1671 407 1725 474 iii

941 519 1056 597 uiiimo
1071 520 1166 584 modo
1176 519 1243 584 iere
1255 536 1418 602 nunquam
1430 518 1635 600 proceditura
1650 535 1724 584 narn

937 621 1105 686 deliciante
1136 623 1361 687 denuntiatura
1392 623 1530 704 privato,
1560 630 1728 701 promotor

936 721 1053 786 fiscalis
1081 723 1233 804 supplere
1270 723 1369 798 eolat,
1390 729 1422 787 at
1450 731 1529 788 tunc
1558 722 1629 803 ipse
1656 723 1726 786 bsci

937 823 1070 888 nomina
1087 825 1231 890 libellum
1247 825 1523 890 denuntiatorium
1545 825 1724 906 componit,

936 922 1110 986 subscribit
1128 933 1158 989 ei
1169 922 1272 1003 judici
1289 923 1432 988 exbibet.

974 1024 1150 1088 Accusator
1178 1030 1209 1088 ot
1235 1023 1445 1087 denuntiator
1479 1023 1600 1087 debent
1627 1024 1722 1087 ctiam

936 1122 1139 1188 subscribere
1155 1123 1300 1186 libellum
1319 1129 1350 1184 et
1361 1122 1462 1203 judici
1480 1123 1644 1204 porrigere
1655 1130 1724 1184 tan·

935 1239 1033 1303 quem
1047 1222 1162 1303 iudici,
1180 1229 1211 1286 ei
1233 1222 1272 1286 ad
1294 1221 1453 1301 publicem
1484 1222 1591 1286 delicti
1618 1221 1724 1283 vindi·

935 1329 1030 1385 ctam.
1057 1323 1132 1386 llaec
1148 1329 1253 1385 temen
1277 1319 1376 1383 libelli
1391 1319 1511 1384 oblatio
1531 1328 1636 1400 potest
1654 1321 1722 1384 beri

934 1425 1098 1504 privatim,
1116 1429 1150 1488 et
1166 1437 1230 1486 non
1257 1427 1379 1486 tentum
1395 1423 1523 1502 quando
1537 1421 1638 1502 J'udas
1665 1436 1723 1500 pro

934 1525 1087 1589 tribuneli
1103 1525 1205 1590 sedet.

972 1627 1148 1690 Accusator
1161 1625 1257 1689 debet
1278 1641 1362 1688 onus
1376 1621 1529 1703 probandi
1546 1621 1609 1684 sibi
1627 1637 1723 1682 assu·

934 1743 1035 1799 mere,
1054 1732 1086 1790 ei
1104 1725 1139 1788 in
1150 1741 1276 1805 poenam
1293 1722 1577 1794 calumniatorum,
1593 1719 1620 1781 si
1640 1720 1722 1782 torte

934 1829 974 1894 de
990 1827 1152 1893 calumnia
1183 1827 1404 1900 convincatur,
1419 1823 1622 1888 subscribere
1636 1842 1644 1897 ;
1658 1837 1722 1884 non

933 1934 1061 1994 tenetur
1078 1933 1186 1990 tamen
1203 1927 1306 1990 madia
1329 1923 1552 2004 probationum
1566 1921 1720 1984 indicere.

974 2028 1183 2090 Denuntioior
1202 2033 1322 2100 autem,
1343 2025 1420 2105 quie
1447 2039 1530 2087 onus
1567 2021 1723 2102 probandi

935 2143 999 2190 non
1016 2124 1164 2202 assumit,
1178 2141 1237 2190 nec
1261 2124 1297 2187 in
1312 2140 1435 2204 poenem
1452 2123 1720 2187 calumniatorum

937 2224 1125 2302 subscribit,
1154 2230 1284 2288 tenetur
1303 2222 1408 2286 media
1424 2223 1650 2304 probationum
1673 2221 1723 2284 in-

934 2325 1040 2388 dicare
1052 2323 1166 2405 judici.

972 2425 1080 2489 iudea
1113 2423 1296 2488 examinare
1314 2421 1409 2486 debet
1429 2428 1536 2485 utrum
1558 2427 1722 2486 accusator

940 2541 998 2586 seu
1015 2523 1223 2586 denuntietur
1235 2521 1277 2583 sit
1290 2521 1456 2600 legitimus
1471 2541 1481 2597 i
1497 2520 1613 2584 deinde
1627 2539 1666 2584 an
1683 2521 1721 2583 li·

933 2622 1038 2686 bellus
1054 2623 1095 2686 sii
1110 2621 1211 2686 torma
1224 2620 1588 2702 legitimaconscripius,
1608 2629 1637 2684 ei
1654 2637 1723 2683 me·

933 2719 985 2784 dia
1021 2719 1247 2802 probationum
1275 2719 1382 2796 grauia
1411 2719 1487 2794 sint,
1512 2719 1559 2781 val
1593 2717 1719 2783 irisola.

933 2820 1073 2900 Utraque
1101 2824 1204 2881 stante
1222 2817 1434 2897 legitimitate,
1452 2828 1482 2880 ei
1494 2817 1521 2880 si
1533 2819 1635 2881 media
1649 2835 1722 2897 pro·

934 2917 1098 2980 bationum
1127 2917 1193 2978 sint
1219 2915 1414 2980 seribcicnier
1437 2917 1559 2994 gravia,
1583 2917 1720 2980 omnino

936 3024 1062 3080 tenetur
1080 3015 1183 3096 judex
1200 3015 1448 3091 ecclesiasticus,
1464 3024 1575 3095 utpote
1598 3017 1637 3080 ad
1652 3019 1721 3081 red·

933 3113 1070 3177 bendum
1090 3111 1248 3194 justitiam
1274 3113 1403 3192 publice
1428 3113 1640 3191 coristituius,
1664 3133 1718 3180 ec·

933 3213 1135 3280 cusationem
1161 3212 1317 3296 recipere,
1331 3220 1365 3278 et
1381 3213 1589 3278 adulteriora
1605 3231 1721 3296 proco-

932 3316 1022 3383 dere.
1044 3313 1080 3380 ld
1104 3315 1210 3380 lacere
1238 3315 1265 3379 si
1297 3321 1447 3395 rccuset,
1471 3315 1587 3396 poterit
1610 3326 1720 3380 conire

931 3419 1053 3499 ipsum,
1072 3424 1185 3498 utpote
1199 3415 1476 3498 prevaricatorem
1493 3424 1523 3481 ei
1553 3418 1719 3498 denegatae

929 3519 1064 3601 justitiae
1081 3535 1184 3592 reum,
1199 3534 1305 3582 coram
1324 3517 1429 3598 ipsius
1444 3518 1612 3597 superiore
1635 3519 1719 3582 actio

932 3621 1111 3697 intentari,
1145 3626 1212 3683 tum
1242 3619 1381 3698 abipso
1412 3627 1621 3695 accusatore,
1650 3626 1717 3682 ium

933 3707 1061 3788 etiame
1091 3724 1275 3799 promotore
1296 3717 1397 3782 fiscali
1411 3717 1590 3798 superioris
1619 3719 1718 3783 curio

933 3819 1166 3888 ecclesiasticae.

971 3921 1040 3985 Sie
1069 3927 1178 3984 contra
1197 3917 1324 3983 deliciet
1353 3918 1563 3994 accusatoris,
1585 3922 1636 3985 rel
1658 3921 1718 3983 da·

932 4023 1139 4099 nuntiatoris,
1155 4028 1210 4086 eut
1227 4021 1331 4088 libelli
1348 4020 1545 4103 legitimitss,
1563 4023 1612 4084 sel
1625 4023 1652 4084 si
1671 4023 1717 4086 is·

931 4122 982 4187 rie
996 4123 1061 4186 sini
1088 4123 1233 4188 oriminis
1250 4123 1382 4196 indicia,
1396 4123 1633 4186 accusationem
1664 4127 1715 4188 set

930 4223 1206 4289 denuntiationem
1238 4225 1374 4303 rejicere
1390 4224 1487 4289 debet
1508 4225 1618 4306 judex.
1633 4225 1716 4307 (lgi-

929 4333 982 4393 tur
996 4327 1168 4394 dicendum
1182 4335 1232 4393 est
1246 4327 1283 4390 de
1299 4326 1432 4408 libello.)

1127 4493 1142 4570 i
1161 4493 1185 4550 r.
1200 4523 1236 4537 -
1253 4492 1325 4562 auia
1344 4492 1380 4550 su
1400 4491 1520 4550 ramirus.

970 4652 985 4687 a
1003 4630 1029 4692 i.
1045 4625 1361 4708 Libellusjudicietis
1372 4632 1423 4690 ost
1434 4625 1591 4705 scripture
1608 4625 1716 4691 brasis

928 4731 1068 4814 (rejectis
1090 4727 1286 4811 superbula),
1313 4727 1407 4800 clera,
1433 4725 1504 4790 sine
1528 4725 1715 4808 equivoca-

929 4832 1016 4896 tione
1032 4827 1080 4894 rel
1104 4829 1311 4909 generalitate
1330 4869 1339 4902 ,
1359 4826 1531 4890 continens
1558 4843 1625 4890 rem
1641 4843 1714 4907 qua
1781 4825 1787 4841 '

927 4931 1115 5014 injudicio
1147 4928 1278 5008 petitur,
1301 4934 1333 4990 et
1354 4940 1482 4990 causem
1506 4923 1650 5004 petendi,
1678 4940 1715 4985 ec

927 5049 1046 5098 nomen
1058 5029 1190 5105 actoris,
1207 5027 1293 5106 oum
1309 5027 1342 5089 in
1359 5023 1556 5090 calcelibelli
1574 5024 1715 5086 scriban-

927 5133 1089 5206 dumosis
1118 5143 1235 5192 nomen
1260 5124 1380 5207 judicis
1405 5122 1494 5204 quod
1513 5121 1655 5186 artorius
1676 5120 1711 5182 ii·
1738 5171 1745 5208 .=

927 5232 1013 5296 bello
1029 5228 1228 5302 inscribitur,
1259 5233 1292 5290 ei
1315 5241 1431 5288 nomen
1445 5223 1491 5285 rei
1519 5221 1576 5304 qui
1596 5237 1713 5285 conse·
1736 5227 1741 5264 ³

927 5335 1025 5396 nitur.
1055 5313 1085 5388 ι’
1100 5359 1140 5376 -·
1163 5325 1323 5392 Dividitur
1345 5326 1375 5386 t·
1404 5324 1448 5400 in:
1461 5319 1630 5404 simplicem
1651 5339 1711 5384 seu

139 5429 230 5472 “¹⁸⁸⁰
244 5417 377 5489 ’ΨΜ
395 5418 657 5475 Μ”ΜΜΜΜ
674 5417 814 5478 ‘nimii‘-
924 5431 1127 5496 summarium
1169 5427 1227 5509 qui
1271 5425 1454 5490 summatim
1483 5430 1513 5488 et
1558 5421 1710 5486 continua

925 5531 1063 5612 quedam
1102 5525 1256 5591 orationis
1282 5523 1388 5598 seria,
1416 5523 1530 5588 actoris
1559 5520 1710 5584 intentio-

924 5649 997 5697 nem
1021 5629 1176 5710 portariis
1203 5632 1234 5691 ei
1250 5623 1496 5689 inarticulatum
1508 5621 1708 5703 scupositio·

82 5729 138 5785 tur
152 5739 229 5786 casu
256 5739 321 5803 quo
335 5723 631 5806 judernrocederai
653 5743 711 5806 per
734 5727 872 5810 inquisi·
922 5731 1059 5807 acrium,
1074 5728 1109 5794 in
1133 5744 1198 5809 quo
1216 5727 1327 5790 marite
1341 5741 1444 5789 caussa
1473 5742 1530 5808 per
1552 5721 1704 5788 articulos

84 5823 209 5887 tionem
226 5841 265 5885 ee
279 5842 362 5886 mero
374 5843 430 5886 suo
447 5827 563 5906 efficio.
580 5825 687 5892 sedin
704 5829 793 5910 praxi
810 5833 870 5898 boc
921 5836 1148 5918 proponuntur
1163 5849 1174 5908 ς
1190 5861 1227 5876 -
1240 5825 1272 5891 2·
1288 5827 1322 5889 in
1350 5824 1470 5918 ciuilem
1493 5841 1550 5889 seu
1573 5839 1706 5889 censen·

211 5929 268 5990 lus
286 5947 486 5996 canonicus.
508 5932 547 5996 ti.
