4046 6460
424 563 438 636 5
457 561 491 620 ll.
504 591 540 606 -
549 559 588 618 ue
601 547 722 632 episcopi
730 537 875 629 potestate.

294 671 322 734 l.
339 668 458 749 Nequit
469 648 639 746 episcopus
654 669 833 725 asotorum
848 657 1045 723 solemnium

258 777 291 834 et
306 767 520 850 professionis
536 765 665 828 vinculo
682 761 821 827 solvere.
1058 834 1066 848 ·

299 869 339 930 li.
362 871 431 930 Non
449 871 551 945 potest
576 863 749 944 episcopus
767 860 941 941 religiosos
966 877 1045 923 cou-

260 968 481 1051 gregationum
501 982 574 1044 quae
588 972 659 1028 rota
674 963 830 1027 solemnia
843 961 1045 1036 nonhabent,

261 1071 318 1132 sed
345 1075 496 1149 perpetua
520 1070 676 1130 duntaxat
705 1062 880 1144 simplicia,
906 1079 924 1126 a
953 1061 1047 1125 dictis

260 1171 344 1235 rotis
362 1170 564 1249 dispensare,
583 1167 645 1230 nisi
665 1166 736 1245 ipsa
750 1163 956 1243 congregatio
972 1179 1049 1226 con·

260 1269 386 1334 sentiat.
403 1269 471 1332 imo
485 1267 599 1349 nequit
620 1266 792 1346 episcopus
812 1265 939 1328 solvere
954 1280 1050 1326 mem·

260 1370 316 1434 bra
330 1387 439 1434 earum
454 1367 738 1450 congregationum
755 1385 828 1447 quaa
855 1371 956 1429 status
971 1364 1050 1427 reli·

261 1472 345 1552 giosi
363 1471 537 1533 essentiam
563 1486 627 1532 non
649 1467 780 1541 babent,
799 1464 838 1528 ab
852 1463 1050 1545 obligatione

262 1572 298 1637 ιιι
320 1572 361 1634 ιιι
385 1569 607 1651 permanendi.
630 1571 708 1632 Nam
728 1566 858 1649 quoties
873 1563 1051 1628 interuenit

262 1671 438 1754 promissio
468 1669 715 1751 perseverandae
751 1685 769 1731 a
801 1665 1050 1746 congregatione

263 1781 411 1852 accepta,
439 1771 503 1834 nisi
531 1767 737 1850 congregatio
763 1769 833 1847 ipsa
859 1763 1051 1836 consentiat,

264 1891 364 1936 nemo
392 1879 505 1954 praeter
535 1886 697 1934 summum
733 1867 916 1948 pontificem
949 1871 1053 1943 potest

265 1971 372 2036 ullum
408 1969 668 2052 congregationis
699 1967 878 2030 membrum
909 1964 1050 2026 liberum

264 2073 381 2149 lacere,
406 2073 506 2135 sivea
525 2071 607 2133 dicta
629 2066 859 2149 promissione,
873 2064 942 2127 sire
965 2063 1051 2142 aju-

266 2182 407 2236 ramento
433 2179 486 2235 aut
509 2171 590 2235 votis
613 2187 683 2233 eam
719 2165 931 2231 firmantibus.
966 2161 1054 2245 (Vide

265 2273 331 2335 brec
350 2273 477 2352 probata
493 2273 577 2351 apud
589 2269 784 2345 Susaez,De
797 2266 962 2345 religione,
976 2269 1051 2325 tom.

265 2373 305 2445 n,
323 2379 459 2447 tracter,
476 2371 533 2434 lib.
552 2389 594 2447 ιι,
619 2387 688 2449 cap.
709 2369 765 2440 153
784 2373 814 2429 et
829 2367 861 2428 S.
877 2365 1053 2434 chomuu,

264 2472 323 2536 lib.
345 2491 394 2549 ur,
419 2481 508 2535 tract.
538 2491 572 2546 rr,
602 2471 672 2546 nl,
697 2488 730 2533 n.
750 2469 820 2541 ιιι,
852 2472 919 2527 not.
942 2465 973 2538 3,
998 2461 1055 2524 ubi

265 2564 1054 2640 alierturincond'rmationebullabeneuramlilv,

265 2674 451 2740 Convocatis
464 2675 504 2736 ιι
517 2671 688 2737 Novernbr.
708 2667 809 2749 lite.)

318 2816 333 2890 ᾖ
349 2815 394 2872 111.
404 2817 485 2872 -lle
495 2813 667 2886 superiorum
679 2810 845 2884 regularium
855 2817 1001 2882 potestate.

306 2951 331 3012 l.
348 2950 478 3014 Certum
498 2954 547 3012 est
569 2947 716 3027 prelatos
743 2946 909 3027 regulares
933 2961 1058 3025 nequa·

266 3063 363 3128 qnam
384 3063 477 3127 posse
499 3047 533 3108 in
552 3046 634 3108 votis
660 3044 863 3120 solemnibus
887 3059 959 3107 cum
987 3043 1057 3106 suis

268 3149 364 3210 etiam
380 3147 519 3210 subditis
534 3145 740 3224 dIspensarec
753 3144 843 3208 solus
858 3160 937 3225 papa
952 3143 987 3207 ιιι
1014 3142 1059 3206 di·

268 3249 329 3312 etis
344 3249 426 3312 rotis
441 3248 631 3328 dispensare
641 3255 761 3327 potest.

309 3350 349 3414 ll.
380 3351 416 3414 ln
443 3348 658 3430 religionibus
688 3366 761 3428 que
795 3359 869 3410 rota
902 3345 1062 3412 solemnia

269 3468 335 3516 uon
349 3451 467 3516 babent
482 3458 584 3530 potest
617 3449 744 3530 religio,
760 3455 792 3512 et
810 3449 907 3512 etiam
922 3449 962 3512 de
974 3447 1061 3529 ejus·

270 3553 343 3614 dem
362 3568 525 3615 consensu
549 3550 776 3631 episcopusin
801 3549 884 3614 votis
906 3549 1060 3612 substan·

270 3651 402 3715 tiaiibus
429 3653 621 3732 religiosum
647 3651 858 3730 dispensare;
883 3667 956 3714 uum
977 3648 1061 3713 dicta

272 3763 343 3814 rota
360 3761 509 3832 tanquam
524 3750 686 3830 simplicia
701 3765 764 3812 non
780 3750 846 3814 sint
861 3767 960 3830 perse
973 3767 1062 3832 papae

273 3859 444 3914 reseruata.
833 3847 836 3859 ¹

273 3973 351 4048 gli.
367 4001 402 4016 -
417 3972 456 4030 lle
477 3975 538 4030 aliis
560 3975 633 4030 votis
659 3975 748 4058 mrcnd
772 3973 1006 4044 dispensationem
1035 3979 1064 4028 et

543 4054 798 4101 commutationem.

314 4160 340 4221 l.
356 4158 473 4222 Omnia
487 4165 559 4222 rota
585 4158 619 4220 iu
638 4158 758 4222 saeculo
777 4157 896 4221 emissa
912 4173 969 4236 per
989 4173 1063 4236 pro·

275 4257 451 4322 sessionem
471 4257 656 4338 religiosam
677 4258 861 4322 solvuntur.
885 4258 971 4320 «Est
987 4273 1064 4319 sen-

278 4360 376 4422 tentia
401 4360 584 4422 communis
611 4360 721 4423 omnia
749 4365 824 4422 vota
852 4356 1066 4439 procedentia

277 4461 442 4542 exstingui
453 4478 511 4541 per
523 4460 759 4541 professionem
773 4459 953 4540 religionis,
965 4457 1066 4521 veluti

753 397 880 510 'tuuis
898 439 1077 504 ιιιοιιιιι
1090 439 1356 505 courrumnu.

1097 553 1248 626 emissis;
1280 551 1537 629 disiectaque
1568 545 1602 608 in
1636 541 1885 623 congregatione

1097 655 1188 729 dant,
1205 655 1270 716 sint
1293 669 1332 715 ex
1356 657 1467 714 natura
1486 663 1545 710 sua
1570 645 1714 708 melioris
1740 642 1833 718 boui,
1854 650 1886 705 et

1097 754 1169 834 ipse
1185 754 1218 816 iu
1235 770 1272 817 ea
1290 755 1464 816 commutet
1479 755 1553 810 rota
1568 761 1632 808 sua·
1648 743 1884 824 procedentiar

1099 863 1155 918 aut
1169 853 1320 917 nisi-cum
1336 868 1374 916 eo
1391 851 1425 914 iu
1440 849 1524 914 rotis
1538 842 1795 927 praecedentibus
1810 841 1887 922 legi·

1099 956 1176 1018 time
1193 953 1413 1034 dispensetur.

1139 1054 1192 1116 lV.
1228 1051 1419 1130 Superiores
1451 1061 1615 1128 regurares
1645 1059 1711 1109 nou
1747 1043 1887 1120 possunt

1100 1152 1225 1216 irritare
1242 1151 1363 1214 directe
1378 1155 1454 1213 reta
1471 1143 1681 1218 novitiorum,
1697 1139 1756 1204 sed
1771 1151 1885 1201 eornm

1100 1248 1702 1334 obligationemsuspendere-possunt,
1724 1245 1886 1320 quatenus

1101 1371 1213 1419 eorum
1234 1349 1472 1434 gubernationi,
1493 1353 1527 1409 ct
1539 1341 1704 1408 exercitiis
1723 1337 1888 1419 probatio-

1102 1456 1152 1517 nis
1167 1453 1400 1533 impedimento
1424 1443 1684 1526 sunniacum.
1708 1436 1800 1503 verb.
1828 1437 1887 1498 l'o·

1102 1556 1179 1624 tum,
1195 1553 1252 1611 art.
1267 1547 1296 1621 3,
1310 1563 1342 1609 n.
1352 1539 1424 1626 Pb.)

1145 1651 1181 1712 V.
1202 1647 1326 1712 Praetaui
1351 1645 1516 1727 regulares
1539 1643 1637 1707 etiam
1659 1636 1781 1704 locales
1811 1633 1888 1697 reii-

1103 1748 1236 1830 gionum
1277 1753 1497 1826 exemptarum
1530 1742 1719 1822 dispensare
1753 1740 1891 1816 possunt

1105 1853 1137 1912 ia
1153 1849 1304 1910 omnibus
1319 1844 1414 1908 dictis
1435 1842 1518 1908 rotis
1544 1857 1617 1905 oum
1642 1838 1712 1902 suis
1736 1834 1890 1905 subditis,

1104 1955 1221 2012 etcum
1238 1946 1368 2010 novitiis
1391 1947 1474 2008 circa
1492 1949 1574 2017 rota,
1599 1955 1672 2021 que
1692 1937 1729 2000 in
1757 1932 1889 2006 secuto,

1105 2051 1153 2114 vel
1171 2048 1329 2113 novitiatu
1340 2046 1531 2110 emiserunt.
1542 2045 1613 2106 lton
1630 2041 1677 2104 sic
1690 2046 1798 2102 autem
1816 2051 1893 2114 pru·

1106 2151 1161 2214 lati
1194 2147 1388 2230 religionum
1413 2162 1478 2210 non
1504 2148 1742 2223 exemptarum,
1767 2137 1832 2198 uisi
1859 2134 1891 2195 id

1106 2250 1232 2323 eistat
1262 2267 1300 2312 ex
1330 2244 1579 2319 consuetudine,
1607 2243 1654 2304 rel
1682 2235 1892 2316 exepiscopi

1106 2349 1236 2414 licentia
1261 2365 1320 2410 seu
1355 2343 1586 2408 commissione
1618 2349 1811 2404 concessum
1840 2333 1893 2394 sit.

1106 2449 1201 2532 (ibid.
1219 2467 1250 2512 n.
1266 2447 1305 2511 at
1320 2453 1351 2510 et
1362 2448 1429 2525 75.)

1145 2552 1199 2613 vl.
1220 2549 1362 2610 Potestas
1387 2545 1588 2625 prelatorum
1624 2535 1836 2620 dispensandi
1860 2535 1894 2598 ιιι

1107 2649 1188 2713 rotis
1214 2647 1434 2720 novitiorum,
1460 2661 1525 2707 non
1550 2641 1736 2705 extenditur
1761 2637 1801 2700 sd
1825 2643 1896 2698 rote

1107 2765 1197 2830 pape
1221 2753 1401 2819 reseruata,
1424 2761 1497 2825 quae
1521 2749 1626 2806 temen
1646 2744 1784 2820 possunt
1811 2734 1898 2798 indi·

1107 2857 1192 2914 recte
1205 2849 1343 2912 irritare.

1150 2948 1218 3027 tii.
1253 2947 1330 3010 vote
1352 2944 1583 3026 religiosorum
1604 2935 1830 3020 prolessorum
1849 2932 1898 2995 di·

1109 3057 1194 3114 recte
1214 3048 1340 3111 irritare
1361 3051 1496 3128 possunt
1513 3040 1698 3122 superiores
1717 3033 1896 3116 generales,

1109 3139 1902 3232 prouincialesetlocales,etetiamabbstissmserr

1109 3250 1333 3330 superiecisse
1343 3245 1543 3310 monialium.
1554 3245 1624 3306 Non
1640 3244 1778 3320 possunt
1791 3242 1894 3298 tamen

1110 3335 1898 3430 superioresregularesirritarerotasubditorum

1110 3447 1300 3512 transeundi
1322 3447 1359 3510 ed
1380 3445 1574 3524 religionem
1600 3437 1809 3508 strictiorem,
1827 3431 1901 3513 quia

1112 3549 1216 3630 quoad
1230 3549 1316 3612 hunc
1330 3545 1501 3610 transitum
1517 3537 1661 3621 religiosi
1679 3543 1761 3599 sunu
1779 3530 1900 3596 subditi

1113 3655 1235 3712 tantum
1264 3663 1371 3726 papae,
1402 3659 1475 3708 cum
1502 3641 1575 3704 talis
1602 3636 1767 3701 transitus.
1788 3631 1836 3694 sit
1856 3629 1907 3694 eis

1113 3747 1207 3812 etiam
1226 3746 1339 3810 inritis
1360 3743 1429 3807 suis
1444 3738 1669 3821 superioribus
1687 3733 1817 3812 dejure
1832 3744 1901 3793 cou-

1113 3867 1236 3915 cessus.
1258 3849 1374 3930 (Tertu
1398 3857 1553 3924 expresso
1576 3841 1611 3902 in
1636 3854 1706 3916 cap.
1737 3834 1839 3906 Licet,
1855 3829 1901 3904 li,

1113 3947 1368 4030 Derepuleribns
1379 3968 1389 4017 ,·
1399 3948 1545 4008 Faenus.
1560 3941 1650 4005 verb.
1664 3939 1789 4010 Votum,
1801 3940 1860 3996 art.
1872 3933 1899 4004 3,

1116 4069 1148 4116 ιι.
1185 4051 1223 4112 et
1260 4056 1291 4112 et
1330 4048 1418 4128 seq.)
1462 4045 1602 4106 Possunt
1641 4047 1747 4102 tamen
1785 4029 1902 4114 prelati

1117 4149 1258 4230 exempti
1277 4148 1412 4212 indicto
1434 4153 1510 4208 roto
1534 4143 1572 4206 ad
1603 4139 1800 4205 strictiorem
1830 4132 1903 4196 reli·

1116 4254 1246 4337 gionem
1260 4246 1464 4320 transeundi,
1486 4245 1691 4324 dispensare.

1156 4352 1241 4414 Vl-ll.
1269 4348 1391 4412 Prolati
1425 4344 1589 4426 regulares
1606 4338 1747 4418 exempti
1774 4339 1905 4414 possunt

1118 4469 1182 4516 non
1199 4456 1320 4514 tanturn
1336 4447 1420 4511 dicta
1440 4456 1512 4510 rota
1529 4443 1667 4514 irritare,
1686 4437 1744 4500 sed
1762 4435 1907 4500 etiamid

278 4579 337 4642 per
360 4561 529 4641 quamdam
548 4565 829 4624 commutationem
843 4560 877 4622 iu
897 4559 1065 4640 quidpiam
1118 4550 1159 4612 iis
1186 4549 1393 4627 dispensarer
1424 4559 1520 4608 secus
1547 4545 1662 4604 autem
1689 4535 1717 4597 si
1748 4548 1815 4597 nou
1845 4533 1908 4595 sint

277 4656 322 4724 ιιι
341 4659 472 4736 melius,
498 4667 533 4723 ut
557 4661 785 4724 universaliter
810 4666 842 4722 et
864 4656 958 4739 quasi
984 4655 1067 4719 emi·
1120 4647 1271 4726 exempti.
1291 4644 1479 4728 Abbatissae,
1506 4635 1717 4721 quantumvis
1739 4639 1907 4713 exemptae,

281 4770 394 4824 nemer
418 4761 527 4824 omnia
553 4762 765 4842 procedentis
799 4757 1065 4832 comprehendam
1124 4747 1274 4812 innuitis
1298 4745 1381 4808 votis
1406 4742 1596 4822 dispensare
1623 4738 1812 4816 nequeunt,
1836 4730 1909 4813 quia

281 4861 324 4924 ita
339 4868 423 4924 tenet
437 4861 726 4926 dirusThomas.r
747 4860 898 4940 (Surena.
917 4858 961 4918 De
975 4857 1068 4936 retip.
1126 4855 1234 4914 carent
1265 4853 1423 4928 potestate
1443 4836 1697 4924 jurisdictinnali
1731 4832 1907 4898 necessaria

280 4972 359 5028 tom.
378 4965 434 5037 lli,
453 4965 506 5027 lib.
525 4983 566 5038 ιι,
585 4981 613 5027 c.
629 4963 676 5037 tt,
698 4980 730 5024 n.
748 4963 792 5038 3.)
1067 4945 1071 4953 ’
1123 4951 1160 5014 ad
1176 4947 1441 5028 dispensandum,
1460 4943 1537 5005 dum
1556 4958 1574 5004 e
1593 4944 1704 5003 contra
1721 4935 1760 4999 ad
1780 4933 1905 4997 irritan-

322 5067 362 5128 ΙΙ.
380 5064 547 5127 Probabile
564 5072 670 5125 tamen
694 5068 743 5124 cst
760 5067 830 5122 rota
858 5059 1071 5138 praecedentia
1124 5053 1201 5114 dum
1219 5056 1289 5113 vota
1314 5047 1431 5111 suffieit
1457 5049 1597 5124 potestas
1619 5035 1821 5101 dominativa
1840 5044 1908 5111 que

282 5184 356 5231 oum
384 5168 537 5247 religioso
565 5173 648 5228 statu
671 5161 904 5242 competibilia,
930 5178 995 5226 nou
1014 5179 1073 5225 ex·
1124 5153 1208 5234 ipsis
1224 5147 1397 5214 abbatissis
1409 5153 1441 5210 et
1456 5136 1687 5222 superiorissis
1706 5131 1870 5212 competit.

283 5267 418 5346 stingui,
435 5267 497 5330 nisi
516 5267 558 5329 ita
573 5269 652 5330 velit
667 5268 831 5347 profitens.
1405 5265 1519 5325 CAPUT
1537 5261 1622 5319 xxti.

322 5370 377 5430 lll.
396 5370 469 5432 llmc
495 5367 746 5448 prandentium
763 5376 914 5432 votorum
931 5383 1074 5430 eommu-
1126 5379 1164 5436 De
1190 5379 1373 5450 religiosorum
1398 5377 1576 5447 professorum
1607 5365 1758 5438 apostasia,
1776 5363 1905 5434 ejectione,

286 5471 364 5533 latio
389 5471 527 5534 efficitur
558 5471 655 5534 etiam
685 5489 742 5551 per
774 5470 1009 5550 professionem
1040 5469 1074 5532 5„
1160 5449 1321 5514 dimissione,
1345 5440 1617 5514 atdispensotienein
1634 5435 1731 5494 aaran
1742 5434 1879 5490 meandi.

288 5573 537 5653 congregatione
565 5571 626 5635 tria
654 5580 725 5635 vota
748 5569 982 5642 substantialia,
1014 5569 1074 5632 etsi
1356 5550 1370 5624 ι
1390 5549 1412 5604 ¹·
1429 5575 1466 5590 ··
1479 5547 1517 5604 ⁰²
1533 5543 1682 5616 ²P⁰³l²⁵l²·

290 5671 450 5749 simplicia
466 5673 614 5736 habente.
631 5674 691 5735 Sed
707 5671 733 5732 si
752 5671 957 5751 congregatio
974 5677 1076 5733 status
1167 5666 1192 5727 1.
1209 5661 1375 5741 Apiostasia
1388 5678 1426 5723 cx
1442 5659 1471 5722 ri
1482 5655 1624 5721 nominis
1635 5651 1795 5734 significat
1806 5663 1911 5731 quam·

290 5771 436 5852 religiosi
452 5775 624 5838 essentiam
646 5771 901 5845 nordebertum
926 5789 963 5835 ea
986 5771 1078 5852 profi·
1128 5766 1200 5829 dam
1220 5761 1437 5826 desertionem
1456 5758 1506 5822 vel
1530 5771 1694 5821 recessum
1717 5769 1735 5815 a
1755 5753 1841 5822 licor
1861 5751 1911 5810 aut

290 5879 362 5938 tens
393 5891 457 5938 non
481 5876 623 5941 solvatur
649 5873 732 5940 rotis
750 5870 955 5952 simplicibus
984 5875 1075 5935 antea
1131 5866 1360 5950 aliquobeum
1383 5863 1506 5946 inquo
1536 5860 1631 5924 bomo
1651 5853 1820 5921 tenebatur
1840 5865 1908 5932 per·
