4004 6458
1982 265 1983 294 l

276 403 327 473 leil
777 386 892 451 tutata
909 380 1091 447 CthOllicl
1110 374 1379 444 comelantum.
1846 363 1896 430 dil

276 517 322 580 ris
344 507 478 576 humani
504 499 746 569 universitatem
762 499 920 575 spactant,
946 498 977 555 et
1002 490 1064 554 sub
1160 487 1220 550 tter
1248 478 1447 564 temporales,
1478 473 1542 540 illes
1567 477 1644 536 sunt
1674 485 1746 553 quta
1765 477 1901 550 carpum.

276 603 559 676 nulliasdominio
582 602 795 668 coarctantur,
813 592 861 655 uti
882 609 949 665 aer,
966 601 1065 660 mara,
1118 604 1214 654 causa
1243 583 1381 648 maxime
1404 583 1483 642 sunt
1507 575 1677 644 institute,
1703 572 1841 651 ideoque
1863 573 1899 636 ad

276 721 338 776 etc.
349 713 387 774 m
401 715 479 771 tunc
494 712 683 766 communes
699 693 873 758 exsistunt.
885 689 932 750 Ex
946 686 996 750 tris
1012 683 1068 748 tri·
1121 698 1255 770 canapeo,
1271 694 1303 750 aa
1316 685 1412 746 ritum
1435 681 1536 745 sotem
1553 680 1741 756 praesentem
1766 675 1902 754 corporis

277 810 338 874 bus
355 805 431 870 soles
446 819 497 866 res
519 797 672 864 Ecclesiae
691 791 828 875 publice
843 789 882 854 ad
906 803 966 853 noa
983 799 1069 850 nune
1123 781 1270 871 prosunt,
1301 791 1333 848 et
1347 790 1427 862 sunt,
1443 781 1529 844 bona
1550 773 1735 854 temporalia
1760 773 1904 836 ecclesia·

277 913 436 990 spectent.
1123 891 1216 963 stica,
1234 887 1281 951 uti
1297 885 1390 950 laudi
1406 879 1629 952 ecelesiarum,
1646 873 1803 948 redditus,
1819 872 1904 936 obla·

316 1007 381 1068 lies
403 1013 668 1072 acccasrasrrcaa,
682 993 715 1056 in
733 1004 852 1071 genere
867 993 944 1050 sunt
960 981 1072 1048 omnia
1124 991 1270 1054 tiones...

282 1105 337 1168 illa
356 1103 442 1182 quae'
457 1099 604 1164 Ecclesiae
627 1093 777 1159 subsidio
791 1096 823 1152 et
839 1087 934 1150 saluti
959 1086 1070 1148 desar-
1165 1090 1307 1155 Tandem
1326 1105 1376 1150 m
1397 1084 1498 1147 mtaroe
1512 1078 1632 1160 aliquid
1649 1075 1825 1141 duratione
1836 1092 1906 1154 pm.

282 1205 389 1275 titini,
403 1219 460 1264 ⁵0¹¹
482 1217 554 1280 ‘ltffl
568 1199 608 1262 id
629 1190 892 1272 c⁰¹¹⁵iil¹¹endam
921 1194 1071 1248 meldim
1126 1191 1314 1256 cedentium
1346 1186 1548 1268 participant,
1566 1188 1597 1244 ct
1622 1181 1693 1244 alim
1710 1184 1787 1242 sunt
1810 1176 1907 1238 sensi·

277 1301 515 1368 beatitudinem
531 1295 728 1365 conducunt,
748 1299 781 1352 θῑ
798 1288 835 1350 td
849 1285 954 1365 198505
968 1282 1074 1345 Εθῦῑθ·
1126 1291 1210 1356 bilas
1225 1298 1257 1354 et
1276 1286 1477 1366 spirituales,
1494 1284 1542 1346 uti
1564 1288 1774 1349 sacramenta,
1788 1274 1865 1337 ritus
1880 1283 1906 1338 at

278 1401 502 1484 ⁸1ae2⁰i¹¹⁸tt⁰⁰
520 1397 740 1458 'llinislffifflm
768 1380 1071 1464 ⁰⁸⁰ffl⁸⁰⁰209t¹5·
1126 1390 1349 1464 ceremonia,
1377 1384 1580 1468 predicatio,
1611 1393 1743 1459 preces,
1770 1375 1905 1456 jejunia,

279 1509 367 1566 ⁰⁸¹&
386 1500 466 1563 3¹5oe
484 1490 769 1576 ⁵U¹¹¹⁸l²flf⁸2⁴⁰¹⁶⁸a
785 1489 855 1552 ³¹5&
876 1481 1073 1564 temperato,
1125 1495 1260 1567 testum
1277 1492 1349 1554 aliae
1367 1485 1548 1552 materiales
1576 1488 1608 1545 et
1640 1477 1837 1562 spirituales,
1865 1477 1905 1538 uti

278 1605 350 1670 alite
365 1605 466 1667 miste
479 1620 539 1666 seu
556 1599 653 1664 simul
674 1594 864 1676 temporales
882 1601 913 1656 et
925 1589 1075 1673 spiritua·
1128 1593 1293 1667 Ecclesiae,
1322 1590 1389 1653 1000
1415 1586 1579 1666 religiosa,
1610 1584 1656 1646 na
1689 1580 1788 1644 rebus
1814 1577 1907 1640 maaria

280 1705 342 1769 lta·
843 1749 846 1756 .
1128 1705 1280 1775 tunquam
1306 1691 1416 1771 adjus
1438 1686 1623 1766 liturgicum
1646 1679 1799 1746 Ecclesiae
1824 1677 1908 1755 perti·

285 1835 287 1840 ·
320 1795 679 1881 neamereaptruoatu,
696 1791 973 1873 utieraticfides,
988 1802 1073 1868 spes,
1128 1795 1298 1868 nentium,
1314 1797 1345 1856 et
1365 1796 1472 1869 postet
1497 1789 1538 1852 ue
1564 1775 1907 1864 temporatiuustume

282 1900 431 1975 charitas,
458 1905 643 1974 ceteraeque
661 1895 794 1956 virtutes
815 1891 854 1952 ed
880 1885 1074 1967 theologiam
1129 1913 1160 1960 ῃ
1179 1902 1266 1974 puppe
1285 1889 1446 1954 tractaturi
1462 1902 1586 1952 sumus,

283 1999 458 2081 pertinent,
473 1998 558 2062 etde
572 1996 623 2060 iria
642 1994 695 2059 hic
713 2010 778 2057 nou
795 1991 857 2055 erit
875 2004 981 2054 sermo

280 2163 1893 2234 Μ

586 2364 716 2455 arnan
736 2389 795 2452 rr.
812 2420 850 2432 -
873 2383 932 2447 nu
952 2377 1061 2444 runa
1080 2369 1313 2440 arrancrco
1329 2366 1412 2432 sau
1428 2361 1617 2430 aarum.

1134 2724 1181 2782 tat
1193 2714 1298 2778 luisse
1325 2709 1521 2784 constituta3
1536 2703 1596 2768 alie
1613 2707 1721 2766 autem
1738 2698 1837 2764 rariis
1850 2703 1914 2760 teu·

1134 2817 1267 2898 poribus
1283 2831 1300 2876 a
1316 2809 1470 2874 Romanis
1504 2803 1713 2886 pontificibus
1742 2798 1913 2864 conciliisre

1133 2917 1167 2980 in
1200 2923 1264 2980 totu
1301 2909 1462 2984 Ecclesie;
1486 2905 1642 2970 nonnulla
1676 2902 1776 2967 etiam
1798 2899 1835 2962 ab
1857 2899 1913 2976 epi·

1135 3019 1241 3098 scopis
1267 3017 1316 3080 rel
1339 3016 1533 3095 religionum
1554 3007 1691 3090 prelatis
1717 3007 1751 3068 in
1778 3000 1913 3082 subjmtis

1140 3119 1203 3184 sibi
1242 3119 1438 3183 dioecesibus
1481 3122 1512 3178 et
1538 3109 1671 3176 familiis
1696 3107 1749 3187 pie
1781 3109 1914 3168 etaanete

517 2728 655 2801 catur
683 2724 851 2786 Pillllilll.

555 2841 625 2908 Quid
637 2839 672 2896 ait
689 2838 820 2912 liturgia?

480 2947 495 3022 l
512 2947 591 3004 l.·-
608 2943 737 3017 liturgiae
753 2941 887 3000 delinitio.

328 3052 473 3134 Litargia
490 3059 536 3116 est
553 3073 568 3110 a
583 3048 686 3114 forma
710 3045 817 3110 cultus
833 3047 914 3110 sacri
930 3050 961 3108 et
979 3049 1082 3108 exter·

289 3155 322 3218 ni
349 3152 435 3234 apud
461 3150 601 3230 aliquam
628 3148 814 3211 societatem
845 3144 1080 3208 constitutae»

247 3277 251 3286 ·
290 3271 375 3328 seu,
405 3249 566 3330 «liturgia
592 3255 642 3312 est
662 3246 843 3328 complexio
870 3262 989 3319 rerum,
1011 3260 1084 3309 rer·

297 3355 412 3418 borum
432 3357 463 3416 et
480 3348 657 3423 actionum,
674 3346 709 3409 in
731 3345 840 3426 aliqua
855 3343 1007 3408 societate
1025 3357 1082 3422 pro

180 3518 184 3527 ,
290 3434 382 3516 cultu
412 3455 547 3514 externo
571 3446 807 3510 institutorum.
830 3445 938 3528 allato
963 3441 1084 3522 duplex

293 3550 439 3616 delinitio
465 3550 539 3614 eD.
557 3548 661 3612 Bouix
682 3545 809 3622 traditu,
826 3548 869 3609 lle
890 3548 965 3628 jure
989 3545 1084 3608 titur·

291 3654 374 3734 pico,
389 3669 421 3731 p.
437 3650 457 3711 'l
476 3659 507 3714 et
519 3650 550 3727 8,
578 3637 738 3730 generalis
755 3653 816 3723 esi,
845 3648 939 3712 itaut
969 3663 1085 3710 conre-

291 3753 360 3816 niut
391 3749 486 3814 etiam
517 3749 739 3813 haereticorum
767 3747 910 3826 liturgiis
927 3753 958 3810 et
991 3762 1086 3825 pugu-

291 3867 409 3916 uorum
449 3849 683 3913 deliramentis.
732 3847 792 3910 Sed
837 3862 935 3921 vera,
974 3851 1083 3909 sancta

297 3952 432 4031 solaque
456 3950 598 4028 legitima
630 3947 786 4011 catholica
806 3946 946 4025 liturgia,
971 3945 1017 4008 sic
1045 3947 1084 4026 alr

295 4052 407 4116 eodem
423 4051 598 4114 delinitur:
633 4049 748 4110 Formo
775 4045 879 4108 cuitus
904 4046 1026 4108 aeterni
1051 4047 1086 4108 iu

295 4152 441 4217 Ecclesia
466 4150 621 4214 catholiea
644 4149 798 4212 instituti.
822 4148 953 4210 Constat
976 4147 1086 4225 rebus,

1135 3221 1298 3286 instituta.
1336 3217 1429 3281 Unde
1468 3210 1726 3280 concludendum
1772 3204 1914 3282 liturgiam

1135 3339 1207 3386 esse
1235 3319 1350 3401 partim
1386 3315 1599 3388 oddilinam,
1623 3309 1739 3392 purtim
1774 3306 1811 3369 ad
1827 3302 1914 3368 ecele-

1134 3421 1296 3485 siasticam
1340 3416 1580 3480 institutionem
1624 3405 1837 3474 referendam.
1870 3403 1913 3466 'lt

1135 3521 1255 3596 Boorx,
1271 3519 1315 3580 tte
1323 3517 1396 3600 jur.
1414 3515 1524 3594 liturg.
1541 3531 1574 3593 p.
1590 3511 1655 3590 to.)

1175 3619 1234 3683 lli.
1249 3619 1295 3680 Ex
1313 3612 1450 3696 prelatis
1468 3618 1553 3693 patet
1569 3608 1729 3687 liturgiam
1742 3603 1913 3669 catholicam

1137 3737 1209 3782 esse
1224 3736 1263 3782 ex
1280 3722 1393 3780 natura
1416 3730 1473 3778 sua
1490 3711 1741 3775 sanctificantem
1764 3715 1794 3770 et
1812 3718 1914 3784 prepa-

1141 3826 1212 3887 tens
1238 3813 1498 3880 sanctiflcationis
1521 3818 1553 3875 et
1573 3806 1854 3888 evangelizationis
1874 3803 1914 3866 iu·

1138 3923 1369 3990 strumentum,
1386 3919 1478 3988 prout
1493 3913 1601 3974 Sixtus
1619 3912 1647 3972 V
1663 3909 1751 3972 bulla
1769 3909 1911 3975 immensa,

1139 4004 1911 4095 bullantium.coequalin.t.lv,purt.ampeli,

1141 4121 1192 4184 lais
1208 4119 1313 4184 tarbis
1329 4116 1483 4181 declarate
1518 4113 1595 4176 Cam
1621 4113 1705 4175 sarri
1723 4111 1808 4172 ritus
1830 4115 1911 4168 etre-

1140 4220 1304 4296 remonia,
1324 4217 1438 4300 putam
1473 4212 1612 4278 Ecclesia
1638 4210 1797 4291 aspiritu
1821 4215 1910 4268 sancto

666 4398 672 4412 ι
739 4397 745 4412 ι
847 4347 853 4356 s
1142 4320 1225 4384 editu
1248 4337 1288 4382 eea
1310 4315 1489 4398 apostoliea
1518 4313 1739 4376 traditionem
1763 4305 1912 4385 disciplina

411 4505 418 4519 .
493 4396 564 4520 iu·
583 4427 620 4442 ···
643 4398 771 4520 Qil'?
792 4407 892 4492 im·
1073 4439 1075 4446 ’
1142 4421 1260 4494 utitur,
1292 4419 1328 4482 in
1355 4424 1618 4480 sacramentorum
1646 4409 1911 4476 administratura

337 4505 363 4567 ¹·
383 4505 816 4620 artmptcatnotmpmtm
834 4506 1088 4586 aletrannum
1143 4517 1261 4582 crarta
1285 4516 1418 4597 appears,
1445 4513 1588 4594 ametque
1622 4511 1678 4572 aa·
1702 4520 1730 4572 a
1754 4516 1913 4570 atteram

298 4606 524 4670 ecclesiastice
555 4607 946 4674 institutionisest.Nam
971 4611 1091 4676 adcul·
1141 4619 1361 4687 ueneratione,
1403 4631 1546 4694 maenum
1605 4611 1781 4674 Christiani
1817 4601 1912 4686 papali

300 4716 368 4820 tum
380 4716 549 4770 externum
565 4707 724 4786 pertinent
738 4719 1008 4774 sacramentorum
1022 4729 1092 4776 ma·
1143 4715 1367 4792 eruditionem,
1396 4731 1534 4796 uaeque
1569 4710 1642 4793 fidei
1679 4707 1913 4790 protestationem

300 4815 383 4922 tenu
399 4812 429 4870 et
450 4807 562 4870 torma.
584 4809 684 4870 Porro
703 4815 791 4874 extra
812 4823 942 4874 omnam
960 4817 1091 4876 contro·
1143 4818 1336 4889 contineant,
1352 4793 1459 4878 mrum
1471 4829 1633 4876 sacrarum
1653 4810 1836 4892 maiestatem
1848 4821 1912 4866 aar

264 4917 270 4928 ·
301 4925 439 5022 vermem
466 4914 514 4972 est
549 4916 746 4972 sacramenta
779 4926 850 4972 esse
877 4911 1093 4978 institutionis
1144 4904 1911 4998 menomenaetmmmemoadrerumctttatm·

301 5009 541 5118 dierumquoad
557 5009 741 5074 essentialia
757 5011 898 5074 materiae
922 5019 953 5076 et
969 5011 1093 5088 iormtea
1143 5033 1216 5079 rum
1240 5016 1471 5079 meditationem
1494 5011 1677 5084 sustollant,
1706 5016 1735 5071 et
1760 4999 1911 5068 ductionis

300 5122 334 5168 an
351 5121 387 5168 ea
406 5112 514 5169 autem
544 5105 681 5185 liturgiae
693 5113 780 5186 purte
795 5108 978 5172 divinorum
1011 5110 1094 5173 diri·
1147 5135 1196 5178 eoa
1216 5117 1286 5196 ipae
1304 5115 1537 5197 inflamment...

301 5205 474 5268 nissimum
506 5205 622 5269 merita
653 5206 715 5270 dici
740 5205 824 5271 solet
856 5216 1093 5272 sacrosanctum
1188 5219 1274 5280 tdem
1289 5217 1481 5296 exprimitur
1498 5215 1531 5276 in
1548 5213 1690 5276 Trident.
1704 5225 1783 5272 sess.
1796 5207 1841 5274 22,
1855 5217 1909 5276 cap.

302 5305 512 5370 Eucharistiae
546 5305 738 5370 sacriticium
776 5317 808 5371 ct
846 5316 1095 5385 sacramentum,
1147 5319 1221 5382 aet
1249 5319 1280 5394 5,
1308 5318 1350 5380 tte
1376 5315 1532 5394 sacrificio
1556 5314 1668 5388 missu,
1692 5309 1743 5372 lris
1770 5302 1909 5370 terminis:

302 5406 389 5519 qraod
424 5405 538 5486 primis
563 5407 715 5472 Ecclesiae
746 5408 874 5473 saeculis
904 5416 1095 5474 antonoma·
1148 5418 1285 5500 Cumque
1309 5427 1428 5480 notura
1467 5413 1624 5476 lominum
1664 5427 1699 5470 ea
1726 5407 1777 5480 rit,
1804 5409 1836 5464 ut
1861 5409 1909 5458 mn

302 5507 740 5590 ⁸1¹⁰0t⁰⁰lbaltttliittrttfffi
1146 5515 1240 5600 focile
1274 5525 1365 5598 queat
1402 5515 1468 5578 aiot
1495 5504 1697 5574 adminiculis
1727 5495 1910 5568 carmarita

342 5609 384 5672 ll.
403 5609 559 5691 Reliquas
581 5611 627 5674 rei
644 5607 801 5691 liturgiae
824 5619 930 5692 partes
950 5609 1097 5678 Christus
1149 5617 1306 5680 adrerum
1336 5615 1513 5679 diuinarum
1538 5608 1765 5673 meditationem
1789 5594 1909 5664 sustolli:

305 5711 439 5792 retiqutt
468 5711 619 5777 Ecclesia
643 5711 838 5776 ordinandas
867 5715 1099 5792 atqueconsti·
1147 5724 1317 5798 propterea
1331 5714 1385 5796 pia
1401 5720 1498 5774 mater
1513 5708 1656 5774 Ecclesia
1668 5707 1752 5770 rttm
1785 5693 1908 5782 partae

307 5809 623 5890 trendenttauiuus
642 5813 788 5893 quedam
805 5813 844 5878 ab
857 5813 1098 5904 apostoliscon7
1149 5817 1304 5890 instituit,
1325 5797 1523 5878 ceremoniae
1541 5810 1613 5876 item
1639 5801 1780 5871 attibuit
1804 5805 1836 5861 ut
1858 5807 1907 5870 aa·

295 4251 481 4318 actionibus
497 4249 658 4314 atteritis.
