4046 6460
138 325 194 392 tib
371 324 469 388 PARS
488 326 545 389 tit.
565 327 614 390 ba
633 325 877 390 nantuato.·-
893 324 966 386 ΗΒ.
988 326 1071 388 litt.
1095 327 1144 390 D!
1163 324 1449 402 modulamen,
1470 323 1550 386 ETC.
1716 318 1773 383 tto

137 435 358 520 nonpossint,
382 442 516 505 veniunt
532 451 693 524 quaesunt
711 442 751 506 de
778 442 931 504 thesauro
1026 442 1068 504 ll.
1093 440 1352 506 Formalitatibus
1367 440 1453 522 iuris
1475 437 1642 520 subjacent
1661 453 1773 502 ornnes

136 539 285 604 ecclesio
311 540 360 604 vel
387 558 458 622 quaa
483 551 612 622 propter
637 542 794 623 pretium,
818 549 932 615 ertenr,
985 541 1212 622 religiosorum
1227 549 1258 606 et
1276 540 1465 608 monialium
1481 541 1627 614 ordines,
1646 538 1680 603 in
1697 538 1772 619 qui·

141 643 306 705 raritatem
319 650 350 706 ct
363 644 588 724 antiquitatem
603 643 775 708 conterunt
789 641 932 708 ecclcsiae
983 640 1044 706 bus
1067 642 1312 708 solernniarota
1333 644 1538 717 emittuntur,
1554 641 1618 706 nisi
1637 639 1772 723 privile·

136 743 314 822 specialem
338 745 558 824 splendorem,
580 754 614 807 ut
631 753 707 809 sunt
724 761 797 809 rasa
819 759 930 817 aurea,
982 739 1073 822 giam
1097 742 1131 806 in
1158 743 1357 808 contrariam
1389 743 1593 808 obtinuerint
1623 750 1694 820 post
1717 741 1787 804 Ur·-

135 852 304 924 argentea,
329 853 434 908 restes
461 849 623 926 pretiosa,
651 863 797 926 gemmas,
831 860 931 906 orna·
982 840 1055 906 bani
1076 843 1149 906 vtlt
1174 843 1352 909 decretum.
1376 846 1454 908 Nam
1487 842 1658 924 privilegia
1682 845 1772 904 ente·

136 952 246 1006 menta
269 945 422 1024 pretiosa,
447 946 579 1028 copiose
606 946 801 1009 bibliotheca
828 943 929 1006 libro·
982 940 1079 1017 riora,
1103 948 1214 1021 utpote
1240 942 1361 1007 edicto
1386 942 1534 1023 pontifice
1560 940 1698 1015 sublata,
1724 937 1773 1002 eir

136 1061 222 1117 rum,
240 1052 272 1107 et
296 1045 414 1110 similia
437 1047 626 1112 excedentia
649 1047 793 1110 valorem
815 1043 931 1124 viginti
983 1058 1046 1105 non
1064 1043 1293 1123 suffragantur.

135 1144 287 1227 quinque
319 1164 509 1225 aureorum,
536 1157 633 1230 prout
663 1146 837 1212 declararit
865 1162 930 1208 sac.
1022 1141 1212 1206 ltemdictis
1236 1141 1487 1208 formalitatibas
1507 1144 1673 1224 subjacere
1697 1155 1770 1203 cen·

137 1262 290 1326 conge...
310 1248 361 1312 Sic
377 1249 512 1314 etlam...
529 1251 676 1331 insigues
695 1247 844 1330 reliquie
858 1265 933 1310 sau·
981 1244 1092 1308 sendm
1104 1252 1180 1310 sunt
1195 1243 1356 1326 religioso
1377 1244 1520 1308 virorum
1542 1261 1579 1308 nc
1597 1243 1770 1306 mulierum

136 1352 323 1426 ctorum3...
354 1350 431 1414 itam
459 1351 512 1416 illa
542 1351 692 1428 mobilia,
722 1367 761 1414 ex
790 1365 931 1433 quorum
982 1361 1104 1426 congr,
1124 1363 1195 1426 queo
1216 1345 1265 1410 vel
1292 1345 1392 1422 nulla,
1422 1344 1472 1408 vel
1503 1343 1665 1424 simplicia
1689 1342 1773 1406 dun·

135 1443 298 1512 fructibus
319 1452 420 1514 annui
446 1451 591 1516 redditus
617 1451 724 1516 solent
743 1449 865 1531 percipi
890 1449 934 1512 ab
981 1453 1065 1509 taxat
1097 1453 1171 1512 vota
1205 1448 1368 1510 emittunt.
1397 1445 1570 1525 Colligitur
1602 1460 1643 1508 cx
1675 1459 1772 1523 supra

134 1548 275 1613 ecclesia
305 1550 357 1615 rel
390 1553 608 1631 monasterio,
638 1561 672 1617 ut
695 1570 774 1634 grex
796 1552 935 1628 orium,
981 1548 1081 1612 relato
1095 1548 1225 1614 decreto
1241 1548 1363 1612 Urbani
1379 1548 1451 1610 l'lll
1470 1557 1503 1610 et
1521 1545 1673 1610 decretali
1695 1543 1771 1606 Ant-

132 1658 319 1715 armentum
356 1653 485 1730 bourn,
522 1655 717 1736 prosapiam
751 1670 929 1734 equorum
980 1647 1112 1722 ditiore,
1140 1657 1171 1714 et
1200 1649 1262 1714 luit
1292 1651 1439 1716 decisum
1468 1648 1573 1729 quoad
1603 1643 1771 1716 moniales,

135 1767 205 1814 non
225 1763 332 1818 autem
356 1773 468 1820 eorum
491 1757 633 1836 tructus,
652 1775 725 1821 cnm
746 1755 870 1820 licitum
888 1755 931 1816 sit
981 1768 1055 1831 quen
1071 1754 1181 1815 llomm
1196 1759 1321 1814 exstant
1339 1752 1373 1816 ia
1389 1752 1486 1814 domo
1505 1749 1604 1814 Tetri
1625 1746 1773 1828 speculo·

134 1855 279 1920 vendere
306 1867 337 1920 et
351 1859 493 1922 alienare
509 1859 640 1934 arietes,
659 1857 779 1929 hircos,
797 1856 928 1932 ritulos,
979 1867 1053 1914 rurn
1074 1851 1169 1925 dicta,
1184 1867 1313 1916 necnon
1347 1851 1524 1932 quondcas
1544 1867 1616 1930 quea
1637 1849 1774 1912 Concor-

133 1971 254 2035 equus,
273 1964 305 2020 et
329 1957 555 2038 hujusmodi...
573 1962 654 2024 item
672 1959 804 2022 arbores
828 1955 931 2038 frugi·
980 1951 1046 2014 tt'toe
1059 1959 1298 2032 nuncupantur,
1315 1960 1349 2015 ut
1362 1950 1457 2014 relect
1471 1949 1704 2021 Card.l³etra,t.
1716 1947 1772 2019 lv,

132 2055 225 2129 term,
241 2074 299 2120 seu
315 2058 434 2139 predio
450 2059 651 2136 necessariae,
671 2067 707 2124 ut
729 2059 796 2124 illis
821 2058 931 2122 subla·
980 2049 1015 2114 in
1047 2057 1150 2117 const.
1176 2052 1197 2116 6
1234 2052 1396 2116 Benedici.
1415 2049 1488 2126 xtt,
1517 2056 1595 2113 seut.
1620 2047 1651 2123 3,
1677 2064 1709 2110 n.
1734 2046 1772 2108 11

132 2159 178 2219 tis
210 2159 365 2237 prndium
393 2160 546 2225 radiatur
572 2161 713 2241 graviter
733 2161 890 2227 deterius.
912 2182 931 2220 ι
980 2156 1098 2231 elfled·

132 2260 293 2339 (Fadana.
313 2262 391 2327 ibid.
411 2281 444 2327 tt.
461 2267 525 2328 'let
539 2263 621 2347 seq.)
979 2269 994 2345 fl
1013 2269 1096 2330 1.-
1110 2271 1241 2341 paenam
1257 2270 1369 2330 alienari
1393 2279 1509 2343 possunt
1531 2269 1592 2326 alne
1612 2267 1773 2326 solemnita-

1333 2343 1415 2400 tibus

133 2404 216 2478 W·
240 2439 271 2452 -
293 2409 432 2476 Quasnam
460 2409 599 2483 regulares
631 2413 747 2483 attingat
780 2411 929 2484 probibitio
1255 2463 1260 2475 ,
1482 2459 1489 2474 ,
1523 2437 1548 2473 ι,
1671 2457 1678 2470 ,
1764 2457 1769 2468 ,

172 2479 312 2535 ιιιιιιιιι
329 2481 479 2536 immoene
499 2491 527 2538 ιι
548 2481 659 2539 noane
678 2481 809 2554 ριιιιιιι,
824 2483 929 2554 aesque
1019 2464 1043 2526 1.
1061 2464 1192 2544 Absque
1207 2462 1327 2526 ratibus
1352 2459 1614 2525 solemnitatibus
1636 2457 1771 2522 alienari

172 2549 315 2620 b⁰fl¹¹s¹⁶¹⁰
328 2551 509 2622 beneplacito.
979 2573 1117 2644 possunt
1136 2585 1144 2626 ι
1163 2563 1268 2642 primo
1283 2561 1423 2637 terrulee,
1441 2559 1566 2641 aliique
1592 2558 1686 2623 fundi
1703 2564 1771 2621 ste·

172 2657 337 2722 LOrunes
366 2659 498 2722 ordines
532 2658 699 2738 incapaces
738 2661 927 2741 possidendi
979 2663 1056 2727 riles
1089 2671 1120 2728 et
1159 2663 1270 2748 exigui
1305 2662 1425 2727 valoris
1463 2661 1639 2742 minusque
1674 2658 1772 2722 utiles

131 2757 167 2818 in
186 2757 353 2821 communi
381 2758 465 2821 bona
491 2758 683 2834 immobilia,
710 2763 738 2825 si
760 2780 832 2845 quea
853 2765 927 2828 talin
978 2764 1140 2830 Ecclesia.
1160 2764 1207 2848 (C.
1227 2766 1388 2838 Terralos,
1417 2779 1512 2828 causa
1533 2763 1580 2838 lb,
1596 2768 1710 2844 quest.
1725 2761 1770 2834 2.)

132 2856 182 2916 eis
200 2855 358 2936 legantur,
376 2864 512 2938 possunt
527 2874 564 2920 ea
582 2861 725 2923 rendere
742 2861 815 2926 sine
841 2863 927 2944 juris
979 2867 1091 2946 Neque
1102 2866 1179 2929 huic
1193 2866 1308 2930 canoni
1319 2865 1508 2945 derogatum
1522 2862 1586 2926 luit
1600 2879 1617 2925 n
1629 2861 1729 2925 Paulo
1742 2861 1771 2924 ll

130 2957 352 3033 solemnitate,
370 2966 401 3022 ot
416 2961 798 3044 pretiumexpenuercin
812 2983 928 3032 neces·
978 2967 1013 3030 in
1035 2974 1197 3049 extravag.
1220 2966 1410 3042 Ambitione,
1437 2981 1497 3028 nec
1524 2981 1541 3028 a
1563 2963 1679 3027 concil.
1696 2963 1770 3026 Tri-

131 3059 261 3124 sitalem
276 3076 313 3124 ac
329 3061 500 3125 utilitatem
524 3061 671 3127 ecclesio
695 3065 745 3129 uel
769 3075 930 3130 monaste·
978 3067 1066 3133 dent.
1087 3085 1170 3132 sess.
1185 3069 1237 3143 25,
1256 3087 1284 3132 c.
1303 3069 1351 3142 11,
1369 3073 1464 3146 prout
1490 3065 1665 3129 declararit
1689 3079 1770 3128 sacr.

131 3161 193 3235 rii;
209 3167 240 3224 et
258 3161 338 3225 ratio
363 3169 411 3224 est
435 3163 513 3241 qnia
539 3163 615 3227 talia
639 3164 726 3228 bona
747 3165 929 3231 immobilia
978 3185 1088 3249 congr.
1109 3167 1231 3232 concil.
1248 3169 1284 3230 11
1298 3167 1428 3230 lanuar.
1449 3166 1539 3230 totu.

131 3281 200 3328 non
225 3271 302 3328 snnt
329 3267 524 3330 monasterio
544 3266 748 3348 incorporata
771 3268 813 3332 ob
836 3270 926 3334 incn-
1018 3290 1037 3326 ι
1055 3268 1200 3334 Terrulan
1223 3279 1346 3343 autem,
1365 3275 1400 3330 ιιι
1422 3284 1473 3332 res
1496 3266 1615 3330 modici
1640 3265 1769 3340 valoris,

132 3365 303 3444 punitatem
328 3365 485 3447 ejusdem.
504 3366 563 3448 (lix
589 3368 745 3433 Clement.
771 3367 872 3434 linivi
896 3383 927 3436 et
978 3376 1056 3433 sunt
1074 3386 1148 3450 quen
1167 3385 1230 3433 non
1246 3369 1447 3432 estimantur
1462 3366 1543 3432 ultra
1560 3368 1674 3448 viginti
1690 3367 1771 3432 soli-

131 3482 202 3544 cnp.
217 3467 311 3530 Exiit
326 3467 382 3548 qni
403 3468 548 3545 seminat,
563 3468 606 3530 Dc
624 3468 750 3533 verbor.
762 3472 886 3552 siqnifi,
897 3480 928 3536 et
977 3471 1242 3546 dos,secundum
1258 3469 1417 3544 messam,
1429 3468 1463 3532 in
1479 3484 1548 3548 cap.
1568 3469 1769 3552 Terralar,...

131 3582 174 3629 ex
195 3566 332 3630 decretis
354 3584 436 3631 sacr.
459 3584 570 3648 congr.
595 3576 627 3633 et
649 3571 779 3636 constit.
801 3573 929 3652 pontili-
978 3586 1038 3644 seu
1068 3569 1182 3650 viginti
1206 3567 1354 3650 quinque
1385 3573 1477 3632 scuta
1503 3583 1601 3630 aurea
1628 3584 1667 3631 ex
1687 3583 1768 3630 sacr.

131 3664 220 3745 ctis.)
242 3667 352 3747 ltaque
375 3665 497 3748 absque
526 3668 729 3749 beneplacito
763 3673 928 3750 pontificio
978 3685 1088 3747 congr.
1110 3667 1219 3748 Episc.
1251 3677 1284 3732 et
1309 3667 1426 3749 ltegul.
1447 3701 1488 3714 -
1507 3669 1636 3731 Summa
1663 3675 1771 3730 autem

132 3769 166 3825 et
183 3762 255 3826 sine
270 3765 529 3830 solemnitatibus
549 3767 838 3849 iurisimmobili‘a
862 3773 925 3838 sibi
980 3767 1096 3849 uiginti
1122 3766 1272 3849 quinque
1296 3775 1463 3831 scutorum
1492 3782 1666 3832 aureorum
1695 3781 1771 3832 con·

131 3861 243 3926 relicta
259 3863 399 3930 alienare
428 3875 564 3947 possunt
580 3871 775 3936 monasteria
799 3873 926 3936 ordinis
978 3869 1043 3934 licit
1075 3884 1235 3932 summam
1270 3876 1437 3932 scutorum
1479 3867 1692 3951 qnadraginta
1739 3874 1772 3932 et

130 3963 297 4028 Illinnrum
321 3966 362 4030 de
390 3967 595 4034 obseruantia
625 3972 657 4034 S.
687 3972 720 4036 Ρ.
748 3973 925 4051 Francisci,
978 3969 1080 4034 unius
1096 3977 1128 4034 et
1147 3968 1450 4049 obolorumviginti
1467 3970 1614 4051 quinque
1631 3975 1769 4033 monetes

131 4065 401 4144 Reiormatorum,
416 4069 681 4147 capuccinorum,
697 4079 730 4135 at
750 4075 926 4140 Theatino·
977 4073 1138 4136 Romane.
1160 4072 1318 4152 (Fannia.
1343 4071 1428 4136 verb.
1454 4071 1627 4146 dilatatio,
1647 4077 1707 4136 art.
1738 4071 1768 4147 t,

131 4183 223 4242 runi,
253 4184 312 4230 nec
341 4184 407 4231 non
435 4169 551 4232 domus
580 4169 734 4250 professae
761 4173 925 4236 societatis
978 4191 1010 4237 n.
1030 4174 1043 4234 1
1060 4177 1092 4235 et
1110 4171 1194 4254 seq.)
1209 4175 1249 4235 tt
1264 4171 1402 4236 multum
1417 4173 1506 4237 abest
1522 4180 1559 4236 ιιι
1577 4173 1674 4236 statui
1695 4187 1771 4252 pos·

130 4268 225 4330 Jesu.
241 4267 398 4346 (Fenus.
423 4270 513 4335 verb.
536 4269 784 4349 alienatione
809 4273 841 4345 3,
858 4275 927 4338 nb
977 4275 1021 4340 ait
1037 4281 1122 4340 certa
1145 4275 1258 4356 regula
1281 4275 1400 4340 modici
1429 4275 1609 4349 valorisea
1637 4275 1694 4340 sed
1723 4283 1770 4340 est

132 4367 223 4446 effi)
977 4376 1203 4452 arbitrarium,
1226 4392 1284 4456 pro
1311 4377 1521 4441 eeclesiarum
1551 4385 1583 4441 et
1612 4375 1769 4450 locorum,

172 4466 235 4532 Sed
260 4465 339 4530 dicti
372 4465 506 4531 ordines
540 4465 690 4549 indigent
720 4468 925 4550 beneplacito
978 4481 1189 4562 ipsarumque
1217 4483 1378 4544 honorum
1419 4479 1591 4560 qualitate,
1618 4479 1770 4544 deciden-

131 4567 311 4648 apustolico
335 4570 442 4649 quoad
470 4567 630 4632 bonorum
658 4569 828 4634 mobilium
850 4590 925 4654 pra·
979 4581 1075 4656 dum;
1092 4597 1166 4643 cum
1190 4588 1311 4644 attenta
1334 4580 1495 4662 qualitate
1509 4579 1609 4646 unius
1636 4578 1700 4643 loci
1718 4577 1770 4644 rel

132 4670 293 4733 tiosorum
304 4669 543 4746 alienationem,
558 4677 592 4732 ut
602 4669 664 4734 tuit
676 4670 799 4751 pluries
812 4691 828 4735 a
842 4690 923 4738 sacr.
977 4681 1133 4745 ecclesio«
1147 4678 1349 4761 respective,
1358 4679 1516 4762 praedium
1543 4680 1662 4746 valoris
1693 4699 1770 4750 ιω.

134 4790 247 4855 congr.
269 4775 391 4838 Concii.
415 4773 630 4849 declaratum,
646 4779 679 4838 et
700 4775 876 4854 presertim
891 4779 926 4840 in
976 4785 1082 4844 torum
1103 4780 1331 4860 bilaeputetur
1351 4796 1504 4860 maguum
1530 4788 1562 4845 et
1583 4781 1769 4846 considera·

133 4894 201 4938 uno
227 4871 350 4938 ordinis
378 4874 412 4938 S.
444 4875 630 4951 Francirci,
649 4874 687 4938 18
710 4876 816 4942 Martii
842 4879 929 4942 itta,
976 4877 1061 4955 bile;
1077 4885 1197 4942 attenta
1212 4879 1463 4960 rerequalitate
1481 4877 1617 4944 alterins
1643 4879 1704 4944 loci
1720 4882 1769 4944 rel

132 4980 186 5042 liis
206 4978 312 5042 verbis
330 4993 341 5040 1
976 4979 1124 5044 ecclesio
1139 4978 1453 5044 dicatucminimum
1467 4985 1499 5043 et
1514 4961 1779 5061 contemptibile.¹
1796 5035 1799 5043 .

175 5079 319 5155 «Quoad
336 5078 469 5143 mobilis
491 5080 630 5170 pretiosa
651 5078 926 5148 Ecclesianincor·
977 5078 1126 5160 quamvis
1148 5086 1235 5142 esset
1249 5077 1369 5144 valoris
1387 5085 1555 5144 scutorum
1574 5081 1677 5144 100.»
1696 5081 1770 5144 Car-

134 5190 262 5263 perata,
303 5197 375 5244 csse
418 5181 638 5246 necessarium
671 5180 934 5262 xbeneplacitum·
977 5182 1047 5246 din.
1061 5200 1104 5245 nn
1119 5183 1220 5257 Luca,
1233 5181 1287 5243 ille-
1304 5179 1400 5248 olion.
1429 5178 1568 5246 discurs.
1585 5181 1616 5256 1,
1633 5199 1665 5244 n.
1684 5179 1769 5262 117.)

133 5281 349 5365 apostolicum
375 5299 465 5360 sqao
480 5297 557 5348 raro
571 5283 609 5347 ad
624 5299 739 5347 omnes
753 5283 836 5348 alias
859 5303 924 5363 res,
1017 5283 1058 5347 ll.
1085 5282 1180 5359 Quod
1207 5280 1395 5346 dictumest
1413 5280 1454 5346 de
1475 5280 1636 5344 immobili
1660 5281 1771 5344 dicen·

133 5388 168 5448 in
200 5393 446 5465 posternmnon
465 5400 561 5465 posse
580 5386 925 5468 syndicospracerlere
977 5385 1139 5450 domest
1173 5383 1213 5447 de
1240 5381 1354 5446 mobili
1390 5383 1431 5446 ad
1452 5381 1704 5448 discernendum
1727 5399 1767 5446 an

134 5487 174 5550 ed
207 5486 452 5564 venditionem,
481 5486 551 5550 nisi·
589 5488 704 5568 praevie
743 5487 924 5552 edictorum
977 5484 1343 5566 sitpretiosuronecne.

135 5587 301 5662 affixione,
318 5594 350 5651 et
366 5588 512 5653 venditio
530 5589 581 5652 dat
602 5588 715 5670 mojori
739 5586 890 5652 ablatori.
909 5611 925 5648 ι
1018 5587 1075 5650 lll.
1092 5585 1223 5666 Absque
1238 5584 1501 5651 solemnitatibus
1522 5603 1583 5656 seu
1603 5587 1685 5651 bene
1703 5588 1770 5668 pia·

135 5689 239 5770 [cord.
252 5691 375 5766 ami,
384 5699 405 5757 ι.
416 5691 469 5766 lv,
479 5689 514 5760 in
525 5691 840 5762 consttilinapnrcr.
853 5691 928 5767 itit,
978 5685 1042 5751 cito
1056 5685 1235 5768 apostolico
1245 5686 1435 5768 potesttleri
1447 5685 1565 5753 locatio
1582 5697 1678 5770 etque
1693 5703 1769 5752 con·

134 5806 166 5856 n.
189 5788 238 5872 9.)
889 5867 918 5883 ,ἃ
982 5788 1091 5854 ductio
1119 5787 1156 5854 ad
1180 5786 1375 5867 trienniumr
1399 5789 1467 5854 inno
1489 5789 1527 5854 ad
1551 5791 1769 5864 novennium,
