4098 6448
113 367 167 434 989
243 371 340 435 Pans
356 370 417 436 vil
430 373 479 435 itti·
500 377 684 456 DELlCTlS,
702 381 891 444 OENSURIS
910 380 959 442 ET
974 384 1107 448 POENlS.
1124 413 1157 428 ··
1175 389 1250 453 tin.
1270 392 1348 456 xlv.
1367 391 1416 454 DE
1435 391 1620 458 nunionis.
1689 397 1744 464 990

114 490 262 564 respectu
288 490 394 548 tamen
418 487 456 550 ad
485 487 580 554 istius
607 492 824 570 sanctitatem,
847 500 902 558 aut
954 499 1053 562 etiem
1067 501 1110 566 ob
1128 505 1315 584 promissam
1331 508 1500 586 pecuniam
1519 511 1551 574 in
1568 511 1744 576 textiliuet

113 581 255 646 lrrtctnm
282 585 497 665 spiritualem.
954 603 1112 667 contraria
1143 607 1302 670 sententia
1325 606 1471 689 allegatis
1501 613 1741 692 ordinationes,

152 685 185 744 2·
206 683 336 748 Certum
352 692 401 748 εει
417 687 522 767 primo
545 691 701 754 committi
725 693 898 758 simoniam
954 699 1144 780 electiones,
1175 711 1249 782 etc,
1278 706 1496 788 subjiciuntur
1534 713 1635 790 ruanis
1668 715 1742 796 jura

109 786 196 866 juris
218 787 340 862 divini,
356 787 386 850 si
407 790 563 854 vendatur
586 791 637 856 rel
662 802 786 858 ematur
804 795 902 858 bene·
955 801 1048 879 latis,
1073 804 1104 866 id
1129 804 1376 886 intelligendum
1404 808 1518 872 volunt
1549 812 1627 886 isti,
1653 817 1741 897 quod

115 884 223 946 licium
240 892 401 964 quatenus
415 888 530 968 estius
545 891 793 956 administrandi
807 895 903 974 spiri·
956 899 1008 964 his
1025 905 1126 981 pmnis
1141 905 1221 969 allici
1243 907 1364 985 possint
1381 925 1437 987 per
1454 913 1658 978 sententiam.
1676 917 1741 980 Alii

114 985 224 1048 tuella.
240 987 302 1050 Sed
319 994 440 1052 certum
465 997 513 1052 est
536 993 679 1056 secundo
701 993 824 1074 absque
856 995 901 1056 si·
955 998 1068 1062 rolant
1100 1019 1137 1065 ee
1163 1004 1349 1068 alternative
1376 1006 1481 1070 solum
1509 1009 1622 1085 innui,
1653 1015 1739 1094 quud

114 1085 222 1148 monia
247 1087 380 1150 distichi
404 1104 500 1169 posse
517 1105 535 1154 a
555 1091 760 1158 lteueliciario
777 1095 902 1158 lruotas
956 1115 1057 1178 poenae
1069 1101 1138 1165 istu
1153 1103 1185 1165 in
1201 1104 1337 1170 simonia
1357 1109 1435 1171 reali
1452 1110 1657 1175 incurrantur
1672 1121 1739 1176 turn

114 1206 153 1250 ex
170 1188 326 1252 beneficio
337 1190 401 1270 jam
421 1200 587 1273 perceptos
611 1216 619 1258 ι
640 1195 705 1260 imo
721 1196 817 1260 etiam
838 1215 898 1260 an·
952 1215 972 1262 a
990 1201 1194 1278 promittente
1208 1206 1387 1282 spirituale,
1403 1225 1529 1288 quamn
1545 1211 1641 1274 dente
1655 1221 1739 1276 tem·

101 1295 243 1366 tequam
268 1292 409 1370 percepti
436 1291 524 1368 sint,
549 1309 662 1358 eorum
691 1297 901 1360 commoditas
954 1301 1075 1374 parate.
1100 1302 1193 1366 ltalia
1204 1307 1304 1368 sancti
1330 1308 1423 1372 citt
1452 1317 1574 1374 tantum
1595 1311 1740 1394 loquitur

114 1388 186 1451 sine
203 1389 349 1468 periculo
365 1390 513 1456 simoniae
535 1400 640 1470 potest
658 1394 826 1460 abeodem
854 1397 901 1460 lo·
953 1399 995 1462 de
1026 1401 1165 1466 simonia
1196 1404 1425 1480 confidentiell,
1451 1409 1485 1471 in
1510 1427 1575 1490 qrra
1600 1411 1660 1476 hoc
1691 1421 1739 1477 est
1810 1477 1814 1484 ,

114 1489 179 1552 rari
195 1490 287 1554 alteri
308 1508 363 1570 per
376 1510 403 1556 c.
421 1493 574 1566 Vestras,
590 1496 635 1557 Ita
655 1495 748 1561 locut.
767 1505 798 1559 ct
821 1515 898 1561 con·
954 1499 1110 1576 speciale;
1128 1502 1178 1566 vel
1198 1503 1226 1566 si
1247 1504 1355 1584 aliqua
1378 1507 1439 1570 alie
1457 1508 1545 1573 ltulla
1559 1511 1599 1574 de
1622 1512 1680 1576 hae
1703 1531 1739 1578 re

114 1589 215 1660 duan.-
232 1609 261 1654 c.
275 1590 330 1654 lin.
345 1591 391 1656 Nc
403 1593 529 1674 praelati
543 1595 625 1658 nicee
637 1614 734 1670 suaa,
751 1603 811 1660 eto.
828 1598 902 1660 Cer·
954 1599 1040 1663 edile
1070 1600 1130 1676 sit,
1160 1618 1197 1666 ea
1230 1619 1294 1666 non
1323 1605 1450 1670 ridetur
1476 1625 1539 1670 usu
1569 1621 1703 1692 recepte.
1722 1635 1738 1674 s

115 1698 181 1754 tum
204 1698 252 1756 est
281 1691 526 1772 redimensque
551 1695 691 1759 simonie
706 1697 820 1774 vendi,
846 1704 902 1761 aut
952 1699 1178 1782 (Sennacaon.
1197 1702 1405 1780 uerrucula,
1425 1723 1457 1769 n.
1473 1706 1571 1789 atu.)

113 1792 175 1854 ami
201 1809 266 1856 non
293 1801 388 1870 posse
414 1793 521 1872 ipsum
546 1795 756 1871 beneficium,
788 1806 901 1879 qrrate·
992 1801 1124 1877 chod
1146 1801 1174 1864 si
1191 1807 1297 1866 tamen
1316 1812 1388 1882 post
1411 1807 1541 1870 modum
1569 1810 1674 1890 pactio
1695 1810 1741 1876 sl.-

113 1909 175 1958 nus
190 1903 240 1958 est
254 1895 309 1974 jus
331 1895 530 1976 percipiendi
550 1897 688 1962 tructus.
717 1897 830 1978 (Patet
859 1917 899 1964 ex
953 1901 1114 1977 maniaco,
1132 1919 1206 1982 qum
1221 1901 1312 1983 prius
1333 1901 1437 1968 fuerat
1464 1907 1571 1972 solum
1598 1925 1740 1976 conven-

113 2011 140 2056 ε.
165 1994 336 2074 Presbyter
348 1995 379 2067 3,
403 2003 477 2074 etc,
506 2014 601 2062 causa
624 2000 654 2075 l,
678 2009 795 2080 quest.
814 2001 843 2075 1,
869 2007 900 2064 st
952 1998 1097 2074 tionalls,
1121 2002 1273 2083 utrinque
1290 2002 1340 2068 rel
1365 2004 1399 2068 in
1426 2013 1549 2080 totum,
1577 2008 1739 2076 ueletiam

114 2094 226 2159 multis
249 2096 322 2160 aliis
348 2093 485 2178 canon.)
951 2103 985 2166 in
1004 2109 1124 2182 partem
1146 2103 1384 2183 incompleta,
1412 2114 1447 2170 ut
1472 2107 1500 2170 si
1524 2109 1599 2190 quis
1625 2109 1739 2176 saltem

113 2215 203 2289 filil.
224 2217 405 2287 -llnpmnis
426 2219 649 2294 simoniacorum,
681 2231 709 2279 et
734 2221 901 2296 obligatione
951 2203 1229 2284 Wlssfflli'llllfflffl
1250 2206 1347 2270 euim
1369 2207 1526 2272 ffl⁰di⁰⁸ffl
1550 2228 1581 2272 V·
1607 2229 1652 2287 gr.
1680 2228 1739 2276 ⁸³¹

254 2289 414 2346 restituendi
428 2305 479 2362 W
489 2291 633 2348 Siffl0¹¹l²¹¹¹
647 2291 774 2352 “himil-
950 2317 1068 2366 aureos
1082 2302 1146 2377 del,
1166 2303 1223 2384 qui
1239 2305 1298 2368 100
1312 2321 1369 2384 pro
1384 2305 1545 2385 spirituali
1572 2308 1737 2386 promisit,

152 2422 168 2458 ιι
195 2402 266 2465 Non
282 2400 510 2482 hicagiturde
532 2404 633 2482 poenis
656 2405 841 2471 constitutis
865 2406 900 2472 in
950 2419 992 2466 ex
1016 2402 1255 2468 conventionali
1282 2403 1376 2468 laciet
1400 2407 1572 2471 simoniam
1600 2407 1737 2482 realem,

113 2501 262 2566 tubunali
287 2503 398 2566 merui
421 2502 564 2584 judicis3
588 2522 662 2568 narn
685 2505 720 2568 in
745 2505 806 2569 hoc
828 2523 900 2568 cer·
952 2507 984 2562 et
1001 2500 1144 2564 incrarret
1161 2519 1267 2580 pmnas
1279 2502 1376 2593 juris,
1394 2520 1468 2584 quen
1482 2506 1740 2572 retrotrehsntur

111 2611 178 2665 tum
211 2609 271 2680 est,
297 2622 354 2684 per
375 2605 553 2686 quamlibet
584 2606 778 2683 simoniam,
803 2606 899 2671 etiam
952 2600 991 2664 ad
1009 2607 1136 2679 tempus
1152 2601 1311 2678 pactionis
1333 2605 1522 2684 preteritoec
1540 2619 1605 2668 non
1622 2623 1737 2682 secus,

110 2705 298 2779 mentalem,
316 2712 348 2770 et
374 2721 461 2771 mere
490 2707 670 2784 iiliffl'ssdffl,
695 2724 769 2770 pum
797 2707 899 2770 sacri.
950 2715 988 2762 au
1008 2699 1037 2760 Si
1056 2699 1115 2762 illl)
1134 2699 1411 2792 'ldmldol'efllissei
1436 2703 1563 2768 il'dlflllo
1587 2704 1738 2784 utrinque

111 2803 188 2885 legii
230 2805 356 2885 spurius
393 2805 448 2882 sit,
476 2807 599 2870 juuurri
638 2815 761 2870 ruururu
800 2823 901 2887 prurru
950 2797 1095 2862 lucta.Et
1115 2798 1737 2870 hincsicollnlorconteratbenelicium

110 2914 249 2970 aeternae.
274 2905 396 2970 Deinde
424 2907 520 2970 etiam
551 2922 658 2970 sermo
684 2923 749 2970 nou
778 2914 826 2968 est
860 2909 899 2970 de
952 2898 1205 2962 ecclesiasticum
1228 2901 1326 2977 Titio,
1349 2902 1520 2982 subitatio
1542 2906 1599 2968 100
1619 2921 1736 2971 aureo·

115 3007 301 3088 proenitenlia
329 3007 528 3089 injungenda
552 3007 586 3071 in
601 3005 672 3072 sot-0
696 3023 812 3072 arpano
827 3023 901 3072 0011.
951 3015 1022 3062 aum
1046 2998 1111 3062 Sibi
1135 3001 1387 3079 solvendorum,
1410 3011 1485 3068 unte
1509 3003 1621 3069 saelum
1645 3006 1737 3071 will·

110 3109 267 3182 scientioer
283 3123 355 3172 cum
373 3107 701 3189 enimgrarissimum
717 3110 839 3172 crimen
856 3107 899 3170 sit
951 3099 1072 3164 tionem
1113 3102 1256 3165 noudum
1281 3103 1458 3168 incurritur
1482 3121 1573 3186 poeut
1606 3121 1738 3171 excom·

111 3208 269 3283 simonia,
295 3209 368 3288 eJus
394 3209 541 3289 gravitati
569 3210 786 3274 confessarius
816 3225 902 3272 com·
952 3201 1738 3284 medicationis,etatiuejurelate.aeceottuuo

111 3322 298 3370 mensurare
316 3307 652 3386 pmnitentiamdebel.
671 3308 781 3373 Solum
800 3307 900 3390 igitur
951 3301 1008 3364 illa
1037 3303 1098 3366 erit
1126 3301 1279 3366 invalide.
1307 3305 1340 3368 Si
1370 3313 1475 3369 tamen
1501 3325 1541 3370 ex
1570 3307 1739 3372 intervallo

109 3405 161 3469 hic
176 3408 332 3487 ugilurde
346 3409 459 3488 poenis,
470 3421 542 3490 quae
557 3417 687 3490 propitii·
700 3409 760 3472 hou
774 3411 897 3473 crimen
952 3401 1047 3464 ulium
1063 3406 1135 3480 posi
1150 3417 1273 3465 unitum
1287 3401 1408 3466 solutio
1425 3404 1487 3514 ὓει,
1507 3404 1620 3484 sidqtiu
1637 3405 1739 3517 ultin-

110 3509 142 3571 ri
171 3509 224 3572 SS.
240 3525 409 3587 canonum,
432 3520 487 3574 aut
502 3512 573 3592 ipso
591 3513 678 3593 Jure,
699 3519 729 3574 et
749 3509 832 3574 lacto
851 3511 901 3574 in·
951 3518 1015 3581 ιιιιθ
1048 3499 1248 3580 ῢθιιιΡΙθιῒιιι
1273 3499 1429 3613 simonia,
1454 3519 1520 3614 Jttu
1552 3505 1738 3615 tentabitur

109 3619 301 3686 cursurum,
315 3619 371 3675 pur
386 3629 442 3692 per
455 3613 647 3677 ,pauonum
658 3613 781 3694 judicis
796 3613 899 3676 00010.
951 3601 1081 3664 incursa
1109 3600 1420 3672 excommunicatio,
1450 3609 1481 3664 et
1508 3601 1693 3664 inhabilitas
1718 3621 1738 3669 a

109 3710 235 3773 siastici
261 3710 365 3789 indigi
393 3709 522 3786 debent,
554 3710 602 3774 vel
631 3719 780 3792 possunt.
805 3711 900 3775 Plura
952 3702 1039 3765 Tilio
1063 3702 1102 3764 td
1131 3701 1334 3765 beneficium.
1351 3724 1366 3760 u
1384 3702 1452 3783 llll·
1468 3702 1546 3766 ibid·
1562 3705 1697 3818 Mili)

110 3811 195 3875 cirre
211 3811 266 3874 lias
281 3810 434 3874 soluenda
452 3818 537 3874 sunt.
993 3799 1045 3862 Vl·
1061 3797 1137 3876 ΩΨ
1146 3800 1335 3881 llml'llll'l
1350 3801 1625 3881 ‘'Mull‘l’l‘llslltr
1639 3821 1735 3864 'lm‘

152 3914 177 3974 l.
200 3913 304 3975 Pmnan
322 3911 393 3973 istm
408 3925 472 3974 non
499 3917 631 3990 langueat
658 3923 730 3974 reas
751 3911 901 3976 simoniae
951 3897 1037 3963 cmm
1051 3899 1245 3962 immam
1265 3900 1353 3962 lilla
1365 3900 1543 3980 intimum
1556 3901 1590 3964 ⁸⁶¹²
1604 3901 1738 3981 illidii·

110 4030 201 4076 mere
228 4012 376 4087 interum,
398 4016 454 4075 aut
479 4011 574 4073 etiam
600 4009 760 4075 mentalis.
783 4011 849 4092 lita
865 4012 899 4076 S.
950 4002 1041 4064 nam?
1059 4002 1137 4064 -1·
1152 4003 1271 4064 Dentes
1290 4006 1321 4064 θῑ
1339 3999 1536 4079 recipientes
1552 4016 1610 4080 lll⁰
1628 4018 1664 4064 0⁸
1683 4019 1736 4066 Μ’

110 4115 221 4177 Tm,
240 4113 312 4189 Μ,
329 4119 442 4193 (μω,
459 4113 528 4186 10⁰,
543 4117 602 4174 ure,
618 4111 651 4184 e,
667 4126 740 4174 rum
756 4111 864 4193 utris.)
950 4101 1100 4180 ceptione
1118 4118 1157 4164 ex
1176 4100 1459 4180 pactopeanniam,
1473 4101 1500 4162 si
1517 4102 1739 4180 persouaesint

151 4213 193 4276 ll.
216 4214 308 4276 Nulla
329 4211 413 4292 juris
443 4217 476 4274 et
507 4209 581 4274 lacti
609 4227 700 4291 poeua
725 4211 901 4274 incurritur
950 4203 1134 4284 singulares
1150 4202 1322 4266 incurrunt
1348 4203 1737 4279 excommunicationem

112 4329 170 4390 per
187 4312 357 4375 simoniam
372 4328 459 4374 mere
475 4309 753 4375 conventionalcm
770 4310 809 4392 (si
824 4327 901 4374 can·
951 4304 1126 4384 capitulum
1144 4320 1243 4380 „verm
1271 4303 1308 4366 iu
1336 4303 1552 4416 receptionem
1568 4305 1611 4368 itt
1624 4303 1739 4376 stultiut

111 4411 308 4477 ndentidem
327 4411 504 4492 excipias),
530 4428 590 4474 seu
608 4407 722 4484 talem,
750 4425 823 4490 qum
840 4423 900 4474 nec
949 4405 1169 4478 consentiens,
1185 4403 1434 4482 suspensionem
1449 4419 1466 4466 a
1480 4405 1650 4519 capitulari
1671 4403 1738 4468 offi-

114 4513 224 4594 prctii.
248 4531 306 4576 nec
335 4514 450 4576 mercis
477 4511 651 4576 traditione
679 4509 816 4591 perfecta
839 4519 899 4588 cst,
950 4505 1012 4570 oio.
1030 4507 1171 4588 (Enitar.
1194 4504 1279 4568 Senta
1303 4506 1333 4579 1,
1355 4504 1407 4618 De
1435 4504 1594 4587 camenae.)
1617 4506 1740 4585 estune

111 4615 262 4696 utramvis
285 4615 418 4678 arbitrio
442 4614 561 4695 iudicis
588 4613 638 4677 sic
671 4613 899 4693 delinquentes
951 4606 1114 4672 absolutio
1137 4605 1177 4668 ab
1208 4605 1250 4667 iis
1278 4621 1427 4670 censuras
1454 4612 1614 4669 reservata
1636 4623 1734 4720 papae,

112 4718 255 4780 coerceri
272 4719 446 4794 uuuuuru„
951 4707 1111 4789 quamvis,
1133 4708 1162 4770 si
1181 4706 1337 4770 delictam
1362 4705 1524 4770 occultum
1540 4707 1596 4785 sit,
1620 4722 1734 4788 rigore

152 4821 209 4880 lll.
233 4821 302 4882 Non
331 4818 510 4882 incurritur
531 4820 616 4898 Juris
643 4832 734 4896 penna
769 4831 826 4896 per
852 4815 901 4880 si·
951 4805 1229 4870 decidiinidtssl·
1245 4804 1393 4880 ⁸0⁵⁸·21b
1422 4822 1451 4884 θ’
1478 4806 1569 4920 ⁶th
1593 4807 1735 4920 'timu

113 4920 255 4983 monium
283 4920 377 4981 etiarn
404 4919 548 4991 mistam,
575 4935 649 4999 qum
671 4917 778 4980 solius
806 4917 900 4997 pretii
951 4912 1096 4972 eumdem
1126 4906 1288 4985 impertiri
1316 4907 1442 4987 possint
1464 4914 1558 4970 ettam
1592 4923 1737 4987 episcopt

113 5020 287 5085 traditione
307 5018 444 5099 perfectu
462 5018 516 5082 sit.
952 5017 984 5074 et
1001 5009 1218 5074 mendicantes
1249 5026 1290 5072 ex
1319 5008 1504 5089 privilegio,
1530 5022 1597 5087 quo
1626 5004 1735 5069 absol-

156 5123 210 5184 ll'.
235 5121 283 5182 lin
299 5136 375 5182 vero
390 5119 594 5183 incurrantur
612 5119 663 5183 hm
688 5137 788 5200 paene
805 5137 900 5198 casu,
952 5129 1028 5177 vere
1044 5119 1212 5192 possuuta
1232 5111 1360 5174 casibus
1389 5108 1676 5220 pepareserratis.

111 5240 180 5305 quo
196 5223 302 5285 sotem
318 5221 497 5301 spirituale,
512 5240 543 5286 v.
557 5235 607 5302 gr.
624 5222 816 5288 pareculum
833 5232 899 5286 ua-
989 5213 1021 5274 ε.
1044 5212 1243 5274 truculenter
1258 5209 1400 5322 aliquem
1420 5213 1612 5320 ferrumine
1637 5213 1668 5268 u
1682 5221 1735 5268 re-

111 5325 219 5385 ditum
234 5333 295 5398 est,
312 5322 450 5401 pretium
463 5335 539 5384 rero
554 5321 759 5400 peninum,
776 5330 902 5386 contru-
952 5313 1049 5393 cepti,
1067 5318 1236 5392 postquam
1252 5309 1292 5372 de
1310 5323 1448 5372 simonia
1459 5315 1595 5420 convicti
1616 5312 1646 5368 et
1661 5321 1735 5369 con-

112 5423 223 5488 versis
240 5429 289 5485 est
304 5422 388 5486 inter
405 5423 563 5486 doctores.
951 5414 1093 5480 demnati
1115 5411 1249 5486 inerint,
1271 5410 1427 5492 jubentur
1455 5408 1574 5489 expelli
1592 5425 1610 5470 e
1625 5423 1736 5522 mona·

152 5523 193 5585 V.
220 5521 323 5595 Unde,
338 5522 429 5602 iuxta
445 5521 523 5584 istos
539 5520 717 5602 theologos,
736 5537 836 5599 pmnae
847 5519 901 5600 ja·
951 5515 1051 5580 sterio
1067 5521 1097 5578 et
1111 5513 1144 5576 in
1157 5512 1276 5576 arctius
1293 5509 1434 5574 detrudi.
1451 5509 1498 5586 (C.
1513 5509 1558 5569 ilc
1575 5504 1736 5621 repulere

113 5625 161 5688 ris
175 5625 387 5686 incurrantur
398 5622 502 5684 solnm
516 5621 753 5700 persimouiam
770 5621 900 5696 realem,
949 5617 1009 5680 oca
1021 5617 1058 5692 ις
1073 5633 1100 5678 c.
1113 5614 1268 5692 Quoniam
1296 5611 1346 5688 to,
1362 5613 1407 5674 ue
1430 5609 1556 5690 aunan.)
1574 5611 1644 5722 Νιει
1660 5623 1736 5718 cum

112 5739 175 5783 seu
194 5720 294 5796 illam,
315 5737 388 5802 qum
404 5727 465 5782 tam
484 5719 579 5799 pretii
593 5737 688 5802 qnam
716 5721 830 5783 mercis
853 5720 901 5782 sl·
930 5718 933 5724 '
952 5718 1035 5798 ipsis
1062 5716 1234 5798 episcopus
1259 5721 1294 5778 ut
1325 5729 1491 5780 remanere
1520 5718 1645 5793 possint
1668 5707 1739 5770 das·

117 5823 272 5887 monicum
286 5822 455 5886 traditione
478 5818 614 5899 perlecta
632 5829 690 5884 est.
712 5823 794 5884 Dunt
815 5835 898 5888 ,vero
956 5825 1077 5899 penset.
1435 5843 1438 5848 ·
