4004 6458
115 394 165 456 ιιι
403 397 502 459 PARS
518 399 571 462 itt.
591 401 641 464 DE
660 401 797 466 REBUS.
817 429 850 446 ··
870 391 945 469 Lib,
967 407 1037 469 xit.
1061 409 1109 470 ΒΕ
1130 409 1244 474 bortis
1261 413 1461 483 necastis.

115 527 150 568 se
174 508 248 586 ejus
267 507 370 570 solius
395 511 585 576 auctoritate
610 513 651 577 ab
675 513 902 580 ecelesiasticis
998 518 1039 580 lt.
1060 521 1258 602 Defuerieir.
1281 525 1405 590 «Neine
1422 516 1528 594 aut'ern
1549 548 1647 610 pauca
1678 547 1746 600 tau-

115 607 164 670 rel
188 607 277 670 laicis
302 608 380 672 viris
407 653 417 683 ,
446 619 540 689 prout
564 614 628 694 ipsi
654 611 771 680 melius
795 618 903 680 visum
957 619 1146 697 gendasuut
1161 623 1202 687 de
1221 625 1502 694 administratione
1523 631 1657 698 alterius
1673 653 1744 716 par·

113 713 224 786 luerit,
254 714 444 778 exercenda.
469 715 551 780 Cum
579 726 687 782 autem
716 720 844 784 Christo
871 729 902 786 et
959 719 998 779 tis
1021 719 1180 785 bonorum
1209 726 1512 805 ecclesiasticorum,
1530 733 1599 811 eius
1628 753 1744 818 nempe

114 814 264 876 Ecclesia
289 815 448 876 urrircrssa
473 817 639 882 indivisim
670 821 828 900 pertineat
844 822 903 886 do-
956 837 1030 900 que
1052 825 1193 886 cessltln
1224 845 1302 892 usus
1329 837 1360 893 et
1386 834 1592 898 necessitates
1617 835 1744 901 lubricae

115 913 250 972 minium
266 913 408 976 omnium
424 915 900 998 bonorumecelesiasticorum,
957 920 1140 986 aeclesiae...
1157 926 1287 990 Fabrica
1316 930 1459 994 ccclesias
1485 936 1612 1014 propria
1642 937 1743 1016 sigui·

114 1011 189 1075 ind,
218 1013 366 1090 sequitur
394 1033 556 1078 sunamum
584 1021 783 1098 pontificem,
817 1024 902 1086 pipp.
961 1019 1032 1082 licat
1047 1023 1215 1088 edificium
1235 1029 1391 1105 ecelesiae,
1409 1049 1624 1112 eoquesensu
1644 1057 1742 1102 usur·

114 1115 199 1174 rium
225 1113 359 1188 Christi,
386 1133 459 1179 esse
473 1135 660 1196 supremum
689 1127 720 1186 el
746 1123 902 1203 principa-
957 1125 1050 1196 petar
1063 1121 1103 1183 ιιι
1117 1141 1184 1201 cap.
1203 1125 1389 1206 Drsoiricc,
1408 1133 1451 1193 De
1470 1152 1588 1200 consec.
1606 1137 1680 1202 dist.
1711 1143 1740 1203 ι.

113 1211 174 1274 lum
193 1213 340 1274 omnium
357 1215 514 1278 bonorum
538 1217 828 1282 eudesiustieorum
841 1220 899 1310 atl-
946 1220 1199 1289 cousuetudine
1225 1234 1331 1290 lamen
1350 1239 1480 1294 exlensn
1497 1246 1545 1297 est
1563 1237 1660 1318 httjus
1687 1257 1743 1303 ro·

114 1312 378 1387 ministratorem,
395 1321 506 1392 utpote
522 1318 578 1398 qui
597 1327 786 1397 potestatem
804 1321 900 1385 babet

1689 425 1746 490 ιιι
1841 395 1856 412 '¹

111 1412 204 1474 soliis
223 1414 256 1474 iu
272 1415 454 1478 anniversam
477 1417 665 1484 Ecclesiam.
682 1423 772 1485 Unde
785 1423 824 1486 ad
847 1441 901 1501 pa·

113 1527 184 1589 pram
201 1519 233 1574 et
254 1512 362 1576 sedem
380 1516 586 1593 apostolicam
604 1519 677 1600 jura
697 1521 808 1583 diriuo
827 1541 899 1602 spe·

110 1621 176 1674 etat
192 1613 279 1690 leges
301 1623 331 1679 et
348 1617 472 1694 regulas
489 1619 674 1699 hujusmodi
691 1625 900 1691 administra-

112 1716 213 1778 tionis
227 1717 378 1794 ecudere,
403 1720 524 1798 quibus
540 1722 675 1801 singulas
699 1727 850 1790 Ecclesia
866 1735 899 1791 el

109 1831 226 1879 omues
242 1817 351 1881 cleriei
377 1829 407 1882 et
422 1820 539 1884 Christi
565 1823 677 1888 fideles
701 1826 897 1905 obligantur.

110 1916 177 1979 Sub
194 1919 383 1982 auctoritate
400 1923 558 2000 pontificis
575 1925 743 2005 episcopus
762 1946 820 2007 pro
836 1937 897 1992 tota

109 2035 168 2079 sua
181 2019 311 2082 ‹tioecesi
324 2031 382 2095 est,
392 2040 432 2085 cx
447 2023 560 2087 iisdem
577 2027 766 2102 rationibus
776 2030 898 2108 primos

110 2127 137 2176 et
159 2118 344 2198 principalis
359 2123 598 2188 administrator
622 2127 779 2191 honorum
796 2133 901 2194 ecele-

109 2218 314 2280 siasticorum
331 2240 339 2293 ι
358 2223 443 2282 unde
457 2230 572 2286 statuta
590 2225 783 2307 episcopalia
801 2247 899 2308 supter

111 2315 170 2377 hae
183 2319 464 2383 administratione
481 2339 593 2388 omnes
607 2326 803 2391 dioecesauos
818 2327 902 2390 obli·

110 2425 197 2491 gout.
211 2417 258 2478 Ad
273 2433 413 2482 normam
428 2421 534 2500 legum
549 2427 778 2501 protttiitciarum
794 2473 801 2502 ,
825 2447 898 2491 sau·

110 2515 254 2594 ctionem
267 2515 755 2606 conciliorum,statutorumque
775 2528 899 2606 episeo-

112 2613 233 2689 palium
249 2615 472 2680 beneficiarius
494 2621 796 2696 pieneadministral
815 2630 896 2691 boun

110 2713 162 2774 sui
182 2713 478 2789 berrelieii,fruetus
489 2723 633 2804 percipit,
643 2726 896 2807 deiisdispenit,

111 2833 148 2877 ae
176 2833 233 2894 per
262 2819 365 2881 rarios
382 2831 561 2887 eotrtractus
589 2828 748 2907 legitimos
766 2837 797 2892 et
822 2849 897 2893 cuu-

111 2928 237 2988 sumes,
267 2919 369 2983 iuslar
396 2923 530 2986 alituum
564 2945 816 3005 possessorum,
843 2940 898 2992 aul

112 3014 302 3078 habentium
348 3022 619 3099 usumfructum,
664 3026 763 3090 libere
810 3031 899 3108 proui-

109 3117 225 3178 scitur.

153 3215 272 3276 t'erum
300 3217 395 3278 etiarn
423 3219 575 3284 ususille
604 3228 635 3285 et
664 3224 897 3288 administratio

110 3319 257 3397 ipsorum
285 3321 448 3384 fructuum
469 3324 628 3398 beneficii,
645 3345 829 3408 quanquam
858 3347 896 3391 ex

106 3421 181 3496 jure
209 3420 373 3481 communi
407 3421 613 3486 lteuelrciario
636 3425 802 3502 permissa.
833 3441 897 3484 mn

111 3527 220 3580 tamen
254 3527 300 3580 ast
315 3519 493 3595 arbitraria,
509 3522 565 3585 sed
595 3523 705 3586 multis
719 3523 897 3602 obligatio·

109 3619 209 3680 uibus
228 3627 355 3680 onerata
381 3628 442 3694 ,ut
461 3621 552 3683 decet
584 3638 706 3684 merum
736 3621 898 3683 usumfru-

109 3717 285 3778 ctuarium.
302 3716 463 3796 imprimis
480 3718 506 3780 si
527 3726 609 3782 certa
628 3736 699 3799 pars
713 3721 896 3782 reddituum

111 3817 259 3880 betredcii
278 3826 343 3880 tum
359 3837 397 3881 ex
423 3825 541 3882 statuto
559 3820 754 3900 particulari,
770 3827 836 3882 tum
859 3837 898 3880 ex

110 3918 350 3982 cousuetudine
376 3920 469 3982 locali
487 3918 694 4000 paoperibus,
710 3931 764 3981 aut
793 3918 898 3982 eecle-

110 4019 170 4081 siae
191 4017 320 4081 ialrricas
337 4021 532 4098 assignatur,
553 4020 677 4099 integre
692 4020 733 4082 iis
749 4020 861 4082 usibus
880 4038 899 4081 a

111 4117 318 4180 beneficiario
333 4117 512 4195 deputanda
528 4125 591 4195 est,
607 4120 777 4199 etquidem
793 4137 830 4180 es
847 4135 899 4192 ιι·Ι

112 4217 203 4278 tione
228 4215 364 4294 justitiae
385 4237 393 4288 ι
423 4218 504 4279 adeo
520 4227 555 4279 ut
572 4217 598 4277 si
618 4235 689 4280 eam
719 4217 897 4294 plectionem

111 4317 176 4378 sibi
204 4316 388 4395 appropriat
407 4316 630 4379 benetieiorios
655 4317 693 4378 ad
724 4316 900 4379 restitutio·

111 4434 188 4479 nem
213 4423 369 4478 teneatur.
386 4415 461 4477 Huc
476 4415 630 4494 obligatio
645 4424 728 4480 certa
749 4423 809 4490 est,
823 4417 897 4478 uul-

111 4517 231 4595 tusque
248 4517 367 4596 estqui
385 4517 476 4578 daea
493 4518 632 4581 dubitet.

153 4615 298 4677 Secunda
317 4615 472 4694 obligatio
491 4616 686 4680 beneficiarii
711 4622 760 4679 cst
774 4621 809 4678 ut
824 4633 899 4696 pur·

955 1317 1002 1382 eis
1033 1321 1225 1398 significatio
1246 1328 1284 1388 ad
1314 1329 1546 1408 designandum
1571 1346 1638 1399 tum
1657 1338 1740 1402 bona

955 1425 1192 1488 consecrationi
1208 1432 1238 1490 et
1255 1432 1385 1514 ornatui
1406 1431 1502 1511 hujus
1516 1437 1654 1511 aedilicii,
1670 1443 1741 1502 eul-

955 1527 1071 1601 tusque
1088 1527 1339 1590 necessitatibus
1355 1537 1386 1593 et
1402 1533 1592 1596 utilitatibus
1606 1537 1741 1613 deputa-

956 1628 998 1694 ta,
1009 1630 1114 1688 tumet
1127 1627 1234 1705 ipsum
1249 1630 1422 1694 eonsilium
1440 1633 1738 1698 administratorum

954 1720 1068 1784 horum
1082 1724 1253 1801 bonorum,
1268 1729 1354 1808 quod
1372 1748 1388 1790 a
1417 1738 1462 1794 sat
1486 1732 1581 1810 longo
1597 1741 1739 1811 tempora

957 1824 1091 1887 obtinet.
1110 1827 1236 1908 Quippe
1251 1831 1326 1894 olim
1349 1831 1476 1896 iubricae
1490 1834 1738 1907 administratio,

953 1922 1037 1986 sicot
1065 1933 1096 1989 et
1118 1927 1254 1992 aliorum
1282 1949 1552 2018 quorumcunque
1581 1935 1739 2000 bonorum

959 2022 1262 2101 ecclesiasticorum,
1281 2039 1348 2094 erat
1363 2033 1547 2094 immediate
1563 2051 1662 2112 penes
1674 2037 1741 2112 epi·

958 2137 1084 2202 copem.
1099 2127 1224 2190 sedebi
1242 2131 1446 2209 particulares
1459 2133 1601 2196 ecclesiae
1616 2149 1739 2213 empore

953 2221 1072 2287 habere
1092 2227 1239 2306 proprios
1255 2235 1284 2290 et
1304 2229 1448 2306 titulares
1473 2241 1621 2303 rectores,
1646 2249 1738 2310 paro·

952 2321 1032 2385 chia
1049 2323 1232 2388 habueruut
1246 2327 1339 2388 ctiam
1365 2327 1574 2406 particulares
1589 2327 1738 2403 lubricas,

950 2439 1087 2508 quarum
1116 2425 1355 2488 administrator
1382 2437 1448 2490 erat
1473 2427 1654 2505 parochus,
1677 2431 1738 2496 sob

953 2525 1153 2588 intendentia
1173 2527 1329 2605 episcopi.
1354 2529 1472 2591 Verum
1490 2531 1570 2592 circa
1585 2529 1736 2592 seculum

952 2641 1025 2698 xtu,
1053 2634 1085 2686 ut
1103 2625 1210 2703 priores
1231 2627 1401 2702 estimant,
1416 2639 1579 2707 coeperunt
1604 2629 1675 2691 laici
1705 2631 1736 2691 ιιι

952 2722 1229 2786 administratione
1241 2741 1275 2786 se
1287 2726 1433 2804 ingerere
1448 2727 1488 2788 de
1506 2742 1665 2788 consensu
1684 2727 1740 2788 Ee·

952 2819 1068 2882 alesia.
1086 2821 1169 2882 ilinc
1186 2833 1291 2884 ortum
1310 2823 1480 2886 consitium
1503 2823 1666 2902 quoddam
1685 2825 1739 2884 lai-

952 2937 1062 2982 eorum
1081 2922 1136 2999 qui
1168 2938 1239 2983 eom
1262 2923 1400 3000 parocho
1423 2921 1574 2986 lubricam
1596 2923 1738 2985 ecelesiae

952 3019 1246 3094 administrabant,
1281 3021 1368 3098 qood
1401 3021 1500 3098 magis
1524 3020 1666 3085 obtinuit
1698 3037 1736 3080 ex

952 3121 1201 3193 ctrnsuetudiue,
1218 3139 1314 3200 quam
1331 3139 1367 3182 es
1382 3121 1455 3202 jure
1470 3121 1600 3200 scripto,
1616 3124 1738 3201 quippe

951 3221 984 3283 ιιι
1009 3223 1081 3300 jure
1103 3225 1278 3295 communi,
1304 3223 1359 3284 sed
1385 3223 1570 3294 universali,
1589 3223 1642 3285 vix
1673 3223 1731 3284 ali-

952 3322 1029 3400 quid
1049 3320 1089 3383 de
1112 3339 1151 3383 eo
1176 3321 1328 3384 occurrit.
1343 3321 1450 3400 Huius
1468 3337 1607 3399 namque
1630 3323 1735 3384 solutu

953 3421 1099 3483 meminit
1124 3421 1240 3485 ceracii.
1269 3421 1413 3483 Trideut.
1440 3437 1521 3483 sess.
1540 3421 1591 3493 22,
1607 3438 1675 3498 cap.
1706 3421 1737 3493 9,

953 3524 998 3584 tte
1010 3524 1137 3604 reform.
1168 3522 1344 3602 etquidem
1374 3520 1542 3593 indirecte,
1562 3517 1682 3598 jubens
1703 3526 1738 3579 ut

951 3623 1231 3684 administratores
1248 3628 1311 3682 tam
1328 3620 1531 3682 ecclesiastici
1545 3637 1636 3699 quem
1663 3616 1739 3679 lciri

950 3721 1081 3798 tetrice
1099 3719 1239 3799 cujusvis
1252 3717 1394 3790 ecclesio,
1409 3720 1500 3779 etiarn
1511 3713 1735 3780 cathedralis...

951 3820 1089 3900 sinqulis
1117 3820 1208 3880 annis
1239 3825 1403 3880 teneantur
1429 3814 1558 3878 reddere
1583 3815 1739 3877 rationem

951 3916 1430 3984 adrainistretionisordinario.
1484 3929 1486 3932 ·

959 4045 962 4052 ,
993 4019 1102 4082 «litut
1131 4021 1172 4080 sit
1199 4019 1347 4089 ,seculo
1373 4034 1430 4079 ιιι
1452 4015 1644 4080 universatis
1670 4013 1735 4094 jam

953 4128 1018 4181 arnt
1037 4118 1135 4196 hujus
1153 4114 1284 4180 consilii
1310 4117 1381 4178 laici
1408 4133 1464 4196 pro
1482 4114 1736 4178 administranda

953 4219 1073 4282 lubrica
1093 4217 1237 4282 eeclesia
1265 4233 1354 4292 usus,
1379 4216 1446 4278 imo
1461 4216 1493 4277 in
1510 4215 1671 4294 aliquibus
1692 4215 1737 4274 Ιο-

954 4321 1075 4384 calibus
1106 4318 1252 4383 conciliis
1280 4315 1535 4396 praeoptasse
1563 4314 1734 4378 correiliuru

952 4411 1193 4500 brigantinum,
1222 4418 1382 4488 an.1ttte‚
1411 4415 1555 4480 deceruit
1572 4422 1606 4475 ιιι
1625 4433 1633 4474 ι
1659 4411 1738 4476 Cum

953 4521 1073 4601 aliquot
1085 4520 1188 4592 laicis,
1204 4517 1354 4599 cujusque
1383 4517 1527 4578 Ecclesiae
1539 4523 1669 4582 rectore,
1684 4527 1739 4570 seu

952 4617 1097 4697 plebane,
1118 4613 1200 4677 uelut
1219 4613 1406 4695 principali,
1432 4613 1567 4695 officium
1590 4607 1735 4690 fabricae,

113 4725 176 4776 trus
197 4713 310 4777 horum
329 4717 490 4778 l'rttcluum
506 4731 579 4795 quer
590 4716 715 4780 excedit
730 4714 897 4778 honestam
952 4740 1005 4782 seu
1015 4721 1206 4801 procuratio
1222 4717 1352 4780 ecclesio
1376 4716 1597 4782 remurittotur,
1627 4712 1674 4773 ito
1690 4717 1739 4770 to·

112 4825 145 4878 et
171 4818 343 4878 deeettletu
359 4832 449 4878 suam
470 4815 752 4888 sustentationem,
778 4815 813 4876 ιιι
828 4815 898 4892 pios
952 4839 1019 4882 men
1047 4839 1087 4882 ne
1098 4821 1162 4900 ipsi
1178 4819 1376 4881 ecclesiarum
1398 4826 1546 4890 rectores,
1561 4831 1615 4873 seu
1632 4809 1738 4890 plebe·

112 4932 195 4979 usus
210 4915 387 4995 impendat,
402 4923 437 4978 ιιι
452 4915 572 4978 ιιιιιιιιιι
588 4924 636 4976 cst
649 4915 682 4974 in
698 4913 802 4993 eapite
817 4931 897 4992 parte-
952 4921 999 4997 ni,
1023 4921 1129 5001 officio
1156 4919 1329 4981 secationis
1343 4932 1498 4984 censuum,
1520 4918 1737 4991 proventuum,

110 5017 254 5083 oetieoti.
279 5019 427 5079 Attamen
442 5015 498 5095 qui
521 5031 586 5077 non
602 5016 758 5096 impendit
777 5013 899 5080 tructus
953 5023 1019 5082 siae
1048 5018 1257 5090 reddituum,
1281 5035 1334 5077 seu
1366 5011 1605 5094 procurationis
1632 5006 1739 5069 tauers

110 5117 295 5195 superfluos
313 5117 346 5177 iu
364 5116 433 5194 pios
453 5131 543 5186 usus,
560 5115 618 5176 etsi
641 5114 778 5192 graviter
790 5132 901 5194 pecca·
955 5126 1136 5198 marmur.

111 5217 209 5293 verit,
229 5235 287 5280 trec
306 5217 360 5282 illu
388 5234 447 5281 nee
466 5217 487 5282 ιι
503 5217 535 5279 ιιι
551 5214 690 5297 quorum
716 5233 829 5280 maanus
845 5218 901 5282 de·
992 5215 1051 5278 Sed
1066 5225 1187 5278 certum
1209 5225 1257 5276 ast
1271 5217 1301 5274 1·
1317 5218 1505 5292 potestatem
1518 5207 1644 5270 civilem
1667 5201 1739 5264 nul-

111 5321 333 5384 veneruntad
360 5317 595 5380 restitutionem
617 5325 766 5380 teneatur
809 5319 899 5378 ilatio
955 5317 986 5378 lo
1005 5315 1099 5379 modo
1120 5333 1215 5396 posse
1237 5321 1376 5375 statuere
1398 5312 1437 5373 de
1458 5306 1585 5371 lubricis
1600 5319 1660 5367 uec
1684 5302 1739 5362 ad-

108 5427 156 5480 est
172 5419 249 5496 quia
265 5435 305 5482 ex
324 5419 469 5480 emnium
482 5417 726 5481 coniessoeerte
742 5434 779 5478 ac
795 5417 899 5478 solida
956 5417 1191 5480 ministratione
1220 5429 1330 5474 aarum
1365 5410 1523 5472 bonorum
1544 5453 1552 5482 ,
1581 5421 1641 5469 trae
1668 5401 1739 5463 sire

110 5519 291 5598 rrrobairilis
319 5527 368 5580 ast
393 5517 502 5598 opinio
518 5525 694 5598 qumnegut
716 5517 897 5594 hujusmodi
956 5519 1077 5589 laicos,
1105 5516 1173 5578 sira
1203 5512 1438 5577 ecclesiasticos
1464 5507 1737 5570 aduuuistratoros

107 5617 271 5679 fructibus
300 5617 408 5680 inesse
439 5633 522 5678 onus
547 5635 586 5678 ex
606 5615 763 5697 justitia,
793 5621 826 5676 at
857 5614 899 5676 iu
955 5621 1120 5697 deputare,
1143 5633 1201 5678 ner
1220 5613 1513 5696 quomodocunque
1534 5627 1570 5672 so
1590 5607 1738 5687 ingerere
1837 5627 1839 5634 ¹

109 5719 382 5782 renuntiassem
406 5718 519 5780 iustnili
545 5717 684 5796 theologi
720 5717 901 5778 diddiloni·
956 5727 988 5787 ἱῃ
1023 5743 1129 5790 perum
1146 5725 1433 5788 ecclesiasticarum
1449 5718 1737 5788 adminislralione,

108 5819 656 5897 stru.(tuerit.carr.tt,de,tt.t.lt,
677 5819 800 5901 pata)
881 5821 884 5832 '
959 5827 1234 5890 utrinlibrrtateur
1266 5832 1295 5887 et
1322 5825 1555 5886 immunitatem
1585 5819 1736 5885 ecclesia·
