4044 6458
121 411 172 478 diiii
331 411 429 474 PARS
444 411 479 475 t.
499 411 548 473 DE
569 411 748 478 tauteus.
764 440 803 455 ·-
822 415 896 481 ΗΒ.
913 417 1002 482 xm.
1021 418 1071 480 DE
1090 419 1281 482 EGCLESIAE
1294 421 1522 486 Potasrara.

121 525 211 586 titur.
223 520 408 606 [Vidcapud
418 521 621 586 86666666.
634 523 668 588 in
686 526 870 602 tit.ru,lib.
881 545 906 588 ιι
959 528 1106 592 Procedit
1130 530 1175 607 2⁰,
1192 530 1289 593 etiam
1315 530 1350 594 iu
1374 533 1483 597 causis
1509 531 1747 614 spiritualibus,

119 621 324 687 moretoin.
348 622 392 702 5.)
958 635 992 691 at
1010 629 1146 692 habetur
1162 647 1190 694 c.
1213 631 1249 693 Si
1265 630 1302 693 da
1318 631 1475 695 columnia
1500 634 1531 708 1,
1560 635 1605 696 Da
1624 634 1747 715 jurum.

160 721 322 796 Quaeritur
347 721 376 782 3.
391 719 541 796 Quisnam
561 730 710 801 prostare
737 723 841 788 debant
852 725 907 806 ju·
957 727 1071 792 colum.
1094 730 1127 792 iu
1142 731 1172 794 6.
1190 766 1228 776 -
1242 733 1389 795 Procedit
1407 736 1450 807 3⁰,
1469 734 1502 796 in
1522 735 1750 815 6666666661-

120 829 294 882 ramentum
323 817 508 883 calumnior?
535 855 574 868 -
590 823 687 903 ilesp.
706 825 908 903 Regulnrilcr
958 832 1189 914 1666666666.
1217 835 1258 896 iu
1288 836 1514 916 appellationis
1540 839 1572 912 2,
1601 837 1674 901 eod.
1699 837 1747 899 tit.

122 919 285 998 loquendo
312 919 530 997 juramentum
564 921 650 983 istud
679 930 829 1002 prestare
851 925 907 987 dc·
957 930 991 992 iu
1007 932 1038 994 6.
1053 965 1092 977 -
1107 933 1250 996 Procedit
1265 935 1308 1010 l’,
1330 935 1481 998 incensis
1494 935 1698 1011 summariis,
1716 945 1748 1001 at

120 1017 196 1078 beat
218 1017 298 1095 ipsa
317 1031 462 1095 personae
489 1017 665 1096 litigantes,
681 1021 803 1084 scilicet
819 1030 907 1085 actor
957 1029 991 1090 iu
1010 1029 1115 1092 causis
1130 1031 1267 1106 caeteris,
1288 1033 1357 1095 sire
1373 1035 1493 1112 paruis,
1513 1033 1582 1096 sire
1610 1035 1747 1114 maguis,

120 1124 151 1178 et
166 1133 253 1188 reus,
283 1116 377 1179 modo
408 1132 576 1196 personam
597 1119 701 1181 standi
730 1121 902 1200 injudicio
957 1129 1027 1190 sira
1045 1130 1230 1203 ordinariis,
1246 1133 1366 1197 sireda
1378 1135 1503 1212 legatis,
1517 1135 1586 1198 sire
1600 1151 1749 1210 compro·

120 1216 905 1300 habeant3ctnctorquirlcmprius,quamreus;
958 1231 1125 1302 missariis,
1160 1248 1234 1310 quae
1265 1248 1369 1296 acram
1402 1235 1531 1298 arbitris
1559 1241 1747 1297 tractantur.

119 1315 197 1394 quit
238 1315 277 1376 dd
314 1313 402 1376 lilim
440 1317 677 1394 pr⁰l0⁰llil····
714 1321 906 1384 Ellendilur
956 1329 1033 1391 Nam
1056 1330 1747 1415 inhis·omuibusopusestjurameutoca-

122 1415 155 1476 1·
169 1415 265 1478 eliam
297 1414 337 1478 ad
356 1431 478 1484 casum.
495 1433 559 1496 quo
583 1423 730 1506 actumst
747 1437 821 1484 rcus
840 1436 905 1484 uon
957 1426 1116 1492 lumniam·
1133 1431 1203 1492 Duo
1221 1431 1326 1492 solum
1356 1432 1561 1510 excipiuntur
1575 1449 1745 1495 causarum

119 1522 270 1592 perseet
289 1513 512 1594 personaliter,
529 1516 585 1578 sed
608 1532 664 1595 per
679 1524 903 1598 procuratores
957 1543 1074 1606 genera
1101 1547 1108 1590 :
1135 1528 1252 1602 Primo,
1282 1545 1386 1592 causa
1414 1530 1682 1610 inquisitionum,
1715 1535 1747 1590 et

119 1629 249 1677 reusam
279 1620 389 1691 agunt,
415 1613 479 1675 nisi
509 1623 696 1692 procurator
721 1618 905 1681 mandalum
957 1627 1086 1707 quando
1115 1627 1306 1705 imploratur
1333 1627 1474 1692 cilicium
1507 1628 1665 1708 iudicis...
1691 1629 1746 1690 Sc·

118 1713 234 1778 habeat
264 1715 302 1778 td
325 1715 499 1794 jnrlndum
529 1715 568 1778 de
583 1716 762 1782 ¹calumnia·
792 1718 906 1780 -E¹·
956 1725 1072 1800 cundo,
1090 1745 1193 1790 causae
1209 1728 1356 1803 notoria,
1377 1737 1407 1794 et
1427 1730 1482 1794 ubi
1507 1748 1571 1795 nou
1593 1735 1641 1794 ast
1662 1746 1744 1810 opus

119 1816 265 1878 tenditur
287 1817 329 1888 2⁸,
355 1817 448 1878 ctiam
483 1816 521 1878 ad
553 1815 696 1881 haeredes
727 1820 905 1895 actoris,et
957 1827 1161 1907 probatione.

118 1918 189 1992 rei,
213 1918 242 1979 si
274 1917 306 1978 in
335 1915 393 1979 hos
421 1917 573 1980 instanlia
612 1920 735 1983 transit.
775 1921 828 1999 (G.
865 1921 904 1984 ln
995 1929 1155 2002 Quaeritur
1179 1929 1211 1989 6.
1236 1927 1747 2013 Quondoprcpcncndumaity'u·

92 2095 95 2102 Ι
116 2015 342 2098 appellationis
355 2018 437 2092 2,Dc
441 2019 617 2098 juramento
630 2019 902 2101 calumniando.)
955 2035 1129 2089 rumentum
1158 2027 1345 2091 columnia?
1372 2062 1410 2073 -—
1446 2030 1670 2092 iuramentum
1695 2047 1747 2094 ca·

156 2115 543 2195 Regularlterdoqueudo
569 2117 690 2180 debent
707 2135 821 2182 omnes
846 2120 902 2201 jn·
957 2129 1087 2191 lumnira
1112 2128 1208 2210 (idern
1226 2129 1278 2190 dic
1312 2131 1351 2192 de
1365 2130 1551 2210 juramento
1571 2131 1744 2212 veritatis),

116 2235 189 2281 rare
215 2218 255 2280 dc
282 2217 453 2278 calumnia.
485 2252 521 2264 -
550 2218 765 2295 Excipiunlur
798 2226 903 2283 lamen
937 2226 1746 2308 ,perseloquendopraestandumeslinprlucipio

117 2318 148 2379 1·
164 2315 344 2395 principes,
360 2316 391 2376 2⁰
411 2323 597 2394 procurator
612 2317 692 2390 fisci,
709 2317 749 2380 de
763 2334 903 2384 consue·
956 2327 1035 2400 iilis,
1064 2327 1217 2390 uidelicet
1243 2328 1348 2390 statim
1365 2336 1437 2407 post
1455 2328 1519 2389 litis
1535 2329 1746 2391 contestatio·

119 2417 252 2494 tudine;
267 2417 298 2478 3·
322 2424 482 2496 parentes,
502 2425 532 2480 et
553 2418 689 2496 patroni,
706 2420 733 2480 si
749 2419 781 2480 in
798 2420 903 2484 causis
955 2442 1043 2499 nem,
1067 2433 1238 2506 autequam
1267 2425 1445 2504 positiones
1460 2427 1499 2488 ab
1527 2431 1634 2488 actore
1661 2427 1743 2488 ode-

121 2517 287 2593 permissis
303 2517 428 2594 litigent
448 2518 481 2581 in
502 2517 714 2596 judiciocum
743 2520 852 2583 liberis
872 2526 904 2584 el
955 2534 1077 2588 rantur.
1108 2524 1154 2602 (C.
1186 2524 1263 2586 Cum
1286 2543 1411 2586 consum
1435 2526 1468 2600 6,
1498 2526 1545 2586 lit.
1561 2542 1619 2600 ιιι,
1639 2522 1694 2586 lib.
1721 2541 1746 2585 ιι

118 2613 309 2688 libertis3l⁰
326 2614 432 2678 clerici
459 2632 563 2678 coram
585 2616 696 2696 judice
723 2618 816 2692 laico,
832 2621 904 2684 sine
956 2623 1126 2708 Derrctol.)
1144 2658 1183 2670 -
1211 2625 1434 2686 iuramentum
1464 2623 1633 2685 calumnia
1658 2620 1745 2700 exigi

116 2718 250 2796 speciali
281 2717 408 2780 licentia
428 2717 478 2780 sui
495 2717 662 2794 ordinarii,
681 2726 712 2780 et
728 2720 823 2782 etiam
846 2737 901 2784 co·
956 2726 1052 2788 etiarn
1071 2733 1143 2786 ante
1170 2723 1235 2785 litis
1252 2722 1517 2786 contestationem
1536 2728 1649 2800 potest,
1668 2738 1746 2784 casu

116 2837 185 2884 ram
211 2820 322 2900 judice
342 2819 570 2894 ecclesiastico,
587 2821 613 2882 si
630 2821 670 2884 de
688 2837 783 2885 causa
801 2823 903 2886 eccla·
955 2841 1020 2905 quo
1039 2839 1113 2886 reus
1130 2825 1353 2901 exceptionem
1369 2820 1551 2884 dilatoriam
1569 2820 1742 2898 opponit...

115 2919 175 2984 siaa
198 2929 321 3000 agatur,
349 2936 414 2982 nou
444 2927 550 2982 aulem
577 2923 608 2982 in
643 2939 738 2984 causa
776 2925 903 3004 propria
954 2959 989 2970 -
1011 2927 1166 2987 Praeterea
1183 2923 1215 2984 iu
1241 2921 1386 3004 qualibet
1405 2921 1472 2982 litis
1493 2927 1580 2998 parte
1600 2919 1744 2997 praestari

114 3020 221 3100 ipsius
248 3019 375 3093 clerici;
399 3036 471 3082 nam
499 3028 576 3081 tunc
594 3021 704 3098 jurare
724 3021 818 3084 debet
847 3039 904 3100 par
955 3029 1132 3104 potest‚²ut
1159 3023 1341 3084 decernitur
1372 3037 1399 3082 6.
1419 3019 1454 3080 Si
1478 3021 1513 3080 dc
1532 3017 1690 3080 culcamia
1713 3016 1743 3089 1,

114 3139 152 3184 se
170 3121 217 3183 rel
233 3138 286 3198 per
301 3135 536 3199 procuratorem
551 3135 656 3182 coram
665 3119 775 3198 judice
789 3138 862 3186 666.
956 3123 1004 3185 lit.
1020 3141 1064 3194 ιι,
1082 3111 1136 3183 lib.
1155 3140 1189 3193 u,
1217 3120 1249 3181 in
1266 3121 1296 3180 6.
1314 3120 1422 3181 66666
1439 3118 1472 3179 in
1493 3133 1589 3180 causa
1610 3115 1744 3178 conclu·

155 3221 344 3299 Episcopus,
371 3219 398 3280 si
430 3235 484 3296 per
511 3217 652 3296 seipsum
674 3219 798 3298 litigare
826 3219 903 3283 velit
954 3219 1111 3284 sumsit:
1132 3219 1309 3282 imoetiarn
1339 3223 1410 3297 post
1439 3216 1679 3278 corratustonern
1710 3213 1745 3276 in

1697 429 1745 494 89³
1854 423 1856 428 ’

114 3317 150 3380 in
180 3318 317 3395 judicio,
353 3325 384 3378 et
411 3317 472 3377 hoc
502 3320 640 3394 gravitas
670 3334 775 3381 causta
805 3326 901 3398 petat,

117 3419 214 3480 etiarn
229 3416 297 3496 ipse
314 3415 523 3496 personaliter
542 3418 762 3496 jurameutum
779 3418 903 3481 calum-

113 3519 180 3581 nias
203 3517 298 3580 debet
323 3517 430 3591 edere,
463 3526 558 3594 prout
588 3519 751 3595 statuitur,
786 3536 813 3583 c.
848 3519 901 3582 66.

113 3617 166 3680 tit.
195 3634 249 3690 ιιι,
268 3616 321 3679 lib.
339 3634 361 3676 ιι
372 3598 539 3695 ‚Decrc't’ul
555 3616 616 3679 Sed
632 3616 822 3697 regulariter
837 3635 903 3681 rna·

112 3723 167 3797 gis
183 3719 273 3780 deret
289 3725 318 3780 et
332 3717 529 3780 couveniens
540 3725 645 3794 est,ut
657 3719 828 3798 episcopus
842 3735 899 3797 par

114 3819 286 3901 syndicum
303 3827 374 3898 agal
392 3819 573 3896 injudicio,
592 3827 622 3881 el
640 3837 695 3897 per
713 3837 786 3882 eum
798 3820 899 3900 jurei.

154 3920 316 3996 Quaeritur
344 3917 374 3980 6.
402 3917 481 3994 Qun
497 3919 610 4000 jurare
628 3918 746 3992 dabant,
779 3920 902 3999 quondo

112 4029 219 4096 octor,
244 4019 290 4079 ccl
314 4037 385 4080 rens
405 4026 449 4080 cal
472 4018 672 4090 uniuersales,
696 4016 744 4078 acl
759 4015 903 4080 ccclcrt'u·

112 4124 207 4194 alr'cc,
224 4119 270 4182 ccl
285 4118 455 4194 secularia,
472 4127 506 4179 ut
523 4120 648 4194 cr'or'tos,
664 4125 718 4179 unt
732 4118 798 4180 olio
822 4137 903 4180 corn·

112 4222 276 4283 munitos?
291 4254 329 4264 -
345 4220 376 4280 Si
394 4219 465 4281 talis
481 4219 694 4282 communitas
717 4219 901 4298 syndicum,

113 4337 336 4393 (economum,
357 4325 410 4381 aul
441 4330 678 4398 procuratorem
711 4318 903 4397 generaliter

114 4421 155 4484 ad
177 4420 304 4496 negotia
321 4419 534 4480 constitutum
553 4417 665 4492 habet;
680 4417 706 4478 is
718 4417 827 4496 jurare
844 4421 901 4480 dc·

114 4521 221 4586 bet.Si
238 4527 343 4583 aulem
362 4521 455 4583 talem
478 4520 660 4600 syndicum,
680 4527 754 4593 666,
769 4536 833 4582 666
848 4521 904 4580 iru-

114 4624 169 4687 bet
199 4621 432 4691 communitas,
464 4620 585 4698 praelati
611 4618 660 4680 rel
687 4618 708 4678 ii
739 4637 794 4698 per
821 4636 903 4699 quos

114 4725 237 4806 regitur
265 4720 479 4787 communitas
498 4721 609 4798 jurare
637 4721 753 4783 delreut
783 4740 838 4800 per
868 4741 903 4786 sa

115 4828 167 4890 val
184 4844 239 4905 per
254 4831 544 4905 procuratorem...
561 4820 650 4883 idern
664 4821 832 4884 dicendum
851 4829 898 4885 est

114 4929 157 4993 de
171 4927 343 4998 tutoribus,
355 4925 570 4996 curatoribus,
584 4923 900 5001 procuratoribus...

156 5032 318 5105 Quaeritur
335 5030 366 5090 6.
389 5061 426 5073 -—
443 5025 610 5106 inquibus
628 5026 731 5086 roualt
744 5032 901 5104 prostan-

116 5133 192 5194 dum
223 5131 265 5192 sit
284 5130 498 5210 juramentum
530 5123 712 5186 calumnie?
739 5157 777 5169 -
805 5127 899 5204 Resp.

114 5233 334 5296 Praestandum
350 5235 398 5292 est
422 5229 454 5288 iu
472 5227 579 5290 causis
595 5225 755 5298 omrrilaus,
782 5242 854 5306 quaa
871 5227 903 5287 in

114 5333 274 5416 judicium
296 5331 510 5401 adducantur,
539 5343 594 5405 per
623 5332 743 5386 textum
774 5342 904 5403 expres·

114 5451 189 5498 snm
211 5433 231 5494 l.
251 5431 291 5493 ln
301 5429 443 5492 omnibus
459 5429 487 5502 i,
500 5446 529 5490 c.
543 5427 776 5506 Drjurumcoto
789 5425 900 5488 cuium.

115 5575 153 5588 -
172 5537 383 5615 Proceditqne
405 5536 465 5598 666
482 5535 521 5608 1⁹,
549 5533 643 5595 etiam
661 5532 694 5593 in
711 5533 818 5596 cerasis
838 5531 901 5593 cri-

99 5638 305 5732 ,miuaiibae
336 5642 546 5716 praeterquam
566 5634 599 5697 in
620 5633 727 5698 causis
759 5633 904 5711 capitali·

97 5741 191 5812 ,bas,
209 5739 242 5800 iu
259 5737 378 5820 qatuaa
393 5735 463 5816 cogi
480 5753 553 5800 reus
568 5735 609 5800 ad
630 5733 903 5813 6616666366-

116 5847 262 5905 manlum
279 5853 344 5904 666
360 5845 476 5908 natast.
494 5837 549 5904 aad
567 5836 650 5901 bene
671 5843 846 5902 accusator.
864 5868 902 5882 -

955 3338 1062 3392 cansa,
1090 3320 1116 3381 si
1150 3322 1190 3380 lta
1219 3335 1353 3381 necesse
1382 3316 1550 3392 rideatur,
1581 3321 1611 3378 el
1650 3321 1745 3378 antea

956 3421 1130 3502 praestitum
1148 3419 1229 3482 illud
1246 3435 1309 3480 uon
1326 3419 1380 3491 sit,
1396 3419 1524 3496 erigere
1542 3417 1572 3478 id
1586 3415 1689 3496 judex
1702 3433 1742 3478 cx

955 3522 1060 3586 cilicio
1077 3528 1192 3600 potest,
1210 3535 1313 3598 usque
1335 3519 1411 3580 dum
1430 3517 1552 3579 iuratur
1568 3517 1741 3578 sententia.

994 3622 1154 3696 Quaeritur
1167 3621 1198 3681 7.
1218 3617 1380 3695 Quomodo
1398 3617 1547 3695 praetori
1563 3614 1666 3678 dabant
1678 3619 1693 3678 l
1706 3649 1743 3662 -

954 3724 1023 3785 Hoc
1038 3722 1255 3801 juramentum
1271 3716 1413 3779 delectur
1429 3715 1578 3795 ajudice,
1591 3724 1622 3778 et
1637 3731 1743 3780 coram

956 3824 1069 3887 eodem
1101 3820 1231 3900 judice,
1266 3824 1424 3897 praesente
1464 3817 1660 3893 adversario,
1691 3820 1744 3882 rei

955 3923 1025 4003 ejas
1044 3926 1246 4000 procuratore
1263 3922 1428 3997 praestatur
1439 3915 1530 3978 tactis
1545 3916 1740 3994 Evangeliis.

994 4021 1155 4098 Quaerilur
1174 4019 1204 4082 8.
1220 4019 1296 4096 Qun
1320 4018 1362 4079 sit
1376 4035 1466 4098 ponc
1484 4015 1621 4078 nolentis
1630 4017 1744 4098 jurata

955 4121 991 4184 da
1015 4118 1195 4182 columnia?
1221 4151 1259 4162 -
1284 4114 1486 4194 Regularitar
1514 4114 1690 4194 loquendo,
1715 4115 1744 4176 si

954 4224 1134 4286 detrectans
1163 4221 1273 4297 jurare
1306 4219 1346 4280 de
1374 4215 1547 4291 calumnia,
1576 4217 1617 4278 sit
1643 4224 1743 4290 actor,

954 4322 1102 4386 instituta
1128 4319 1254 4382 actione
1278 4317 1382 4388 cudit;
1412 4317 1440 4379 si
1471 4333 1545 4378 raro
1571 4333 1657 4391 rens,
1688 4333 1744 4396 pro

955 4421 1100 4486 confesso
1112 4419 1259 4492 habetur,
1273 4425 1368 4498 prout
1379 4417 1497 4480 dicitur
1512 4434 1540 4479 c.
1553 4417 1608 4480 lin.
1625 4417 1671 4480 til.
1687 4434 1743 4490 ιιι,

956 4523 1011 4587 lib.
1029 4541 1052 4584 ιι
1070 4518 1224 4582 Dccralol.

1039 4642 1054 4715 6
1069 4640 1115 4699 ΙΙΙ.
1130 4641 1169 4696 ile
1180 4640 1338 4711 juramento
1352 4635 1515 4693 veritatisct
1532 4633 1654 4692 malitiae.

994 4737 1019 4798 i.
1036 4735 1258 4796 duramentum
1290 4728 1433 4791 ueritatis
1466 4727 1636 4802 dicandas,
1661 4725 1742 4789 iilud

955 4845 1004 4900 cst
1018 4850 1083 4916 quo
1095 4833 1168 4913 quis
1188 4831 1275 4912 jural
1293 4845 1328 4891 se
1344 4827 1425 4892 relic
1448 4827 1608 4891 ueritatem
1623 4828 1741 4890 dicere.

954 4937 1111 5016 implicite
1122 4929 1350 5008 contineturlin
1363 4931 1545 5009 juramento
1560 4927 1740 5000 calumnia,

955 5035 1030 5118 quia
1046 5032 1103 5114 qai
1115 5029 1236 5112 jurarit
1253 5048 1288 5093 se
1303 5045 1432 5091 omnem
1450 5027 1594 5092 iruudem
1625 5027 1742 5087 rilatu·

956 5155 1039 5208 ram,
1054 5134 1176 5216 jurarit
1202 5133 1262 5194 666
1280 5131 1352 5210 ipso
1376 5128 1529 5207 implicite
1550 5126 1591 5188 dc
1605 5125 1743 5189 dicenda

956 5237 1097 5300 acritate.
1115 5231 1330 5293 Nihilominus
1359 5225 1622 5307 postproeslilum
1646 5224 1739 5284 initio
1812 5217 1815 5224 ’

954 5338 1022 5401 litis
1049 5331 1216 5398 calumnia
1238 5329 1468 5408 jurameutum,
1496 5327 1601 5387 locam
1622 5323 1739 5384 habere

956 5441 1059 5516 potest
1079 5413 1160 5495 circa
1175 5431 1331 5508 speciales
1354 5427 1505 5490 articulos
1518 5425 1738 5504 jurameutum

957 5533 1109 5600 ueritatis.

951 5691 952 5696 ,
994 5634 1036 5696 ll.
1051 5634 1067 5693 l
1074 5634 1271 5694 uramentum
1290 5625 1428 5700 malitiae,
1446 5631 1494 5688 est
1507 5622 1660 5702 illudque
1677 5617 1739 5679 liti·

957 5753 1034 5815 guns
1046 5735 1192 5813 juratae,
1209 5746 1264 5810 per
1282 5729 1342 5791 talc
1358 5743 1453 5790 suum
1473 5725 1594 5788 dictum
1618 5717 1735 5784 autla-

959 5821 1742 5903 ctumneunaouamfraudaruadrarsurlomoliri3
