4044 6458
136 363 188 431 idi
332 365 430 431 ctas
450 368 483 432 V.
504 369 554 431 DE
577 369 756 434 tentetis,
774 397 809 410 -
821 371 895 434 titt.
916 371 1003 435 1111.
1024 374 1074 439 ott
1095 355 1288 482 ECCLbSIlE
1307 383 1540 451 cotusvavtt.
1700 393 1755 455 tto

135 481 230 546 debet
252 499 358 549 coram
382 485 492 566 judice
526 487 706 564 ordinario;
740 505 758 552 a
790 504 855 570 quo
882 487 915 552 in

134 598 208 644 casu
224 583 378 662 appellari
395 587 489 648 etiam
507 595 621 662 potest.

173 703 188 738 a
212 682 375 757 Quaeritur
390 685 418 747 3.
439 685 558 762 Quibus
574 687 673 749 modia
686 687 817 768 paterer
835 705 916 748 com-

131 784 323 859 promissum
350 794 379 846 at
404 784 598 847 arbitrorum
626 787 791 866 patratos?
818 787 913 864 Resp.

135 879 280 944 Solvitur
297 883 445 965 pluribus
461 886 577 951 modis.

171 979 225 1041 Ex
239 993 330 1060 purte
347 983 553 1050 arbitrorum.
572 1021 610 1034 -
625 991 654 1050 1·
670 987 813 1050 Solvitur
828 1001 916 1048 mor·

12 1099 17 1126 ι
131 1083 161 1140 le
180 1081 386 1157 arbitrorum,
405 1087 499 1150 etiarn
525 1090 637 1164 unius,
660 1091 687 1153 si
712 1091 822 1172 plures
837 1090 913 1161 sint,

132 1185 162 1238 et
185 1196 234 1241 res
252 1181 357 1246 adbuc
372 1185 413 1246 sit
430 1187 565 1268 integra.
582 1225 618 1236 -
632 1192 663 1252 ἓ·
687 1189 915 1271 Deportationc

131 1277 180 1338 vel
212 1279 317 1343 banno
347 1302 477 1362 eorum;
499 1289 587 1360 item,
610 1291 812 1371 professione
840 1296 915 1360 rell-

129 1375 231 1456 giosa.
248 1415 286 1427 -
299 1383 330 1444 3·
345 1385 502 1450 Diuturna
518 1391 672 1465 absentia,
686 1394 734 1456 vel
749 1395 813 1457 alio
824 1397 912 1477 justo

129 1478 377 1556 impedimento.
397 1521 436 1534 -
451 1488 484 1549 lv·
500 1491 714 1556 Rccusatione
730 1495 853 1560 arbitri.

167 1577 221 1639 Ex
230 1591 322 1659 purte
331 1589 660 1666 compromittentium.
674 1627 711 1639 -
728 1595 756 1654 t·
773 1597 914 1659 Solvitur

129 1685 370 1758 morteeorum,
388 1687 437 1749 vel
455 1689 550 1750 etiam
563 1690 675 1766 unius,
689 1692 752 1754 nisi
769 1711 825 1773 pro
841 1696 914 1760 uui·

128 1789 283 1844 versitate
305 1785 356 1847 vel
375 1786 556 1852 baeredibns
571 1791 612 1852 sit
630 1781 912 1872 cornpxoridssum.

127 1880 215 1940 -2·
230 1883 343 1948 Mutuo
378 1891 707 1968 compromittentium
738 1911 911 1959 consensu.

127 2011 167 2022 -
181 1979 215 2040 3·
229 1982 457 2050 Transactiona
482 1990 632 2076 partium.
649 2027 687 2037 -
702 1991 733 2054 lv·
757 1994 912 2058 Cessiona

125 2080 179 2142 sui
196 2081 283 2161 juris
306 2086 345 2148 ab
365 2105 429 2151 una
450 2081 550 2169 parte.
566 2125 606 2138 -
620 2093 651 2156 5·
666 2093 697 2158 Si
721 2097 875 2159 recedens
895 2115 913 2161 a

124 2185 361 2260 compromisso
379 2204 502 2267 posnam
519 2197 668 2255 statutam
683 2191 828 2271 solverit,
847 2197 910 2260 nisi

123 2279 251 2360 adjecta
260 2287 303 2348 sit
317 2287 462 2353 clausula
473 2300 544 2354 roto
557 2293 913 2362 niltilominvenvcnente

123 2385 372 2460 cornpromisso.

166 2481 222 2545 Ec
235 2499 328 2563 porte
351 2506 462 2552 cenae.
479 2525 518 2538 -
544 2493 574 2555 t·
599 2495 742 2561 Solvitur
764 2517 911 2579 pronun·

123 2582 260 2646 tiatione
275 2588 438 2653 delinitiva
458 2610 558 2672 super
582 2600 658 2671 tota,
678 2598 728 2660 vel
757 2603 910 2666 omnibus

123 2682 245 2757 causis,
263 2702 361 2764 super
376 2689 496 2767 quibus
512 2701 560 2754 est
575 2699 855 2774 compromissum.
872 2738 911 2750 -

121 2777 158 2838 2·
174 2781 278 2860 lapsu
296 2789 463 2866 temporis,
483 2788 540 2870 p'ro
555 2811 649 2856 causa
670 2794 809 2861 tinienda
828 2818 909 2880 prm·

123 2879 244 2954 stituti,
268 2885 329 2946 nisi
349 2895 451 2966 partes
469 2898 596 2968 tempus
614 2895 776 2974 prmirxum
796 2917 909 2978 proru-

122 2988 214 3059 gent.
231 3017 268 3030 -
286 2985 318 3045 3·
333 2987 437 3068 Lapsu
455 2990 617 3057 trienniia
635 2994 689 3059 lite
701 3014 807 3062 coram
820 3001 908 3064 arbi·

970 489 1022 551 nia
1074 493 1328 574 dignoscendum
1378 505 1427 564 est
1470 503 1619 585 quisnam
1653 507 1754 584 Judex

972 587 1137 666 legitimus
1164 595 1207 656 sit
1225 613 1282 660 seu
1301 605 1502 680 competensf..
1534 605 1647 682 Neque
1666 605 1753 668 enim

969 692 1105 769 quilibet
1132 694 1233 773 judex
1255 707 1443 777 potestatem
1475 703 1570 767 habet
1597 705 1756 785 quaslibet

969 803 1079 852 causas
1105 793 1298 872 dirimendi3
1324 799 1379 861 scd
1396 807 1497 864 certas
1512 799 1664 865 duntaxat
1683 822 1755 884 quta

968 888 1072 966 ipsius
1087 889 1307 970 jurisdictioni
1330 899 1512 978 subjacent.
1537 901 1618 964 ilinc
1638 903 1754 967 sedulo

968 989 1141 1052 canonistas
1165 997 1329 1059 materiam
1358 999 1447 1064 illam
1474 1003 1510 1065 da
1527 1005 1599 1086 soro
1627 1020 1755 1084 compe·

968 1087 1047 1147 tenti
1070 1091 1251 1168 expendere
1275 1093 1395 1172 solent3
1414 1099 1475 1161 sub
1491 1118 1555 1178 quo
1573 1101 1668 1164 titulo
1689 1104 1754 1163 duo

970 1183 1200 1251 determinant.
1226 1195 1263 1252 1.
1306 1196 1425 1274 Nempe
1458 1215 1603 1278 quanam
1649 1217 1751 1263 causo

968 1279 1188 1360 adjudicium
1220 1287 1474 1354 ecclesiasticum
1499 1296 1697 1372 pertineant,
1721 1307 1752 1358 et

969 1395 1114 1458 quoenam
1134 1383 1173 1446 ad
1197 1385 1335 1448 tribunal
1352 1391 1522 1464 seculares
1541 1394 1583 1457 de
1596 1411 1661 1476 quo
1687 1403 1750 1459 tra·

968 1481 1123 1544 olavimns
1152 1499 1266 1563 supra.
1284 1519 1321 1533 ·-
1343 1489 1379 1550 2.
1412 1490 1566 1564 Quisnam
1595 1511 1633 1556 ex
1663 1493 1753 1575 judl-

968 1577 1060 1641 cibus
1089 1580 1317 1647 ecclesiasticis
1353 1595 1538 1666 competens
1569 1589 1610 1651 sit
1645 1591 1752 1668 quoad

968 1675 1110 1756 singulas
1152 1697 1284 1756 causas,
1315 1699 1387 1762 ques
1435 1684 1498 1747 lori
1541 1685 1751 1750 ecclesiastici

967 1787 1059 1853 sunt;
1083 1781 1122 1842 de
1146 1797 1211 1861 quo
1242 1799 1329 1845 nuuc
1355 1785 1552 1847 tractandum
1577 1785 1750 1864 babemus,
1852 1813 1855 1820 ·

967 1878 1128 1958 siqnidem
1162 1881 1223 1945 hcc
1253 1891 1302 1945 est
1324 1901 1450 1963 semper
1475 1887 1751 1972 determinandum

967 1981 1156 2062 priusquam
1207 1985 1375 2064 quodlibet
1408 1985 1568 2067 judicium
1612 1988 1750 2070 incipio·
1855 2037 1864 2052 ,

967 2088 1019 2143 lut
1032 2127 1040 2144 .

1085 2247 1100 2322 5
1121 2245 1143 2305 l.
1156 2277 1191 2292 ·-
1204 2248 1276 2318 Quid
1289 2251 1325 2308 eit
1340 2249 1417 2309 lorus
1431 2260 1461 2308 et
1474 2249 1637 2324 quotuplex.

1018 2401 1050 2465 l.
1074 2405 1248 2468 creveritis
1261 2405 1359 2467 variis
1373 2405 1470 2486 lrujus
1487 2403 1635 2468 vocabuli
1650 2399 1752 2486 signi·

965 2501 1166 2568 linctionibus
1183 2522 1191 2566 t
1207 2505 1267 2567 «in
1287 2507 1450 2587 proposito
1464 2507 1555 2588 [orus
1575 2522 1632 2568 seu
1648 2507 1753 2588 {orum

965 2601 1137 2680 significat,
1173 2604 1332 2682 imprimis
1362 2604 1467 2667 locum
1512 2605 1677 2682 publicum
1716 2605 1750 2668 in

966 2717 1032 2780 quo
1062 2702 1135 2764 lites
1157 2710 1188 2764 et
1211 2703 1334 2783 judicia
1366 2711 1573 2779 exercentur,
1603 2719 1662 2766 seu
1696 2701 1751 2767 ubi

965 2799 1039 2879 quis
1070 2803 1240 2866 convenire
1272 2809 1392 2882 potest.
1424 2801 1485 2885 (C.
1510 2803 1614 2869 Foras
1642 2804 1690 2878 to,
1706 2803 1752 2866 Da

964 2901 1365 2985 ccrbcr.Sipnificutioaa.)
1378 2903 1424 2965 lbi
1445 2904 1694 2967 dicituraiiora.
1705 2913 1752 2966 eat

965 2999 1419 3064 exercendorumlitt'umlorus.
1434 3002 1646 3070 utboctorum
1665 3003 1747 3068 alias

124 3083 177 3140 tro
204 3090 398 3160 contestata,
425 3088 452 3149 si
482 3091 608 3154 nullum
633 3104 754 3159 certum
784 3105 909 3178 tempus
964 3100 1058 3162 etiam
1071 3099 1208 3163 tribunal
1227 3100 1561 3178 velanditorium,vel
1579 3103 1686 3179 etiam,
1701 3123 1751 3168 re·

123 3194 234 3243 cavtsae
248 3185 459 3262 expediendas
476 3190 635 3266 prefixum
652 3195 704 3256 sit.
722 3231 761 3242 -
775 3196 807 3257 lv·
821 3199 907 3262 Defi-
964 3209 1072 3280 spectu
1085 3203 1752 3284 papeantjudtclsecelesiastici,persisto·

122 3278 231 3342 ciente
247 3285 445 3362 conditione,
470 3291 613 3372 subque
636 3293 670 3357 in
700 3297 835 3363 arbitros
860 3308 910 3364 cst
964 3299 1047 3363 rium
1070 3308 1216 3376 vocatur,
1243 3309 1276 3364 ut
1295 3309 1380 3364 notat
1402 3303 1584 3366 Hostiensis
1609 3303 1641 3366 in
1662 3305 1751 3367 Sam·

121 3384 410 3458 compromissum.
427 3424 465 3435 -
484 3391 515 3452 b·
539 3395 675 3460 interitu
697 3398 756 3473 rei,
776 3399 816 3464 de
845 3419 909 3483 qua
962 3417 1024 3476 mu,
1045 3401 1093 3463 tit.
1115 3401 1153 3462 da
1165 3403 1236 3482 soro
1261 3411 1391 3482 compat.
1419 3419 1452 3466 n.
1477 3408 1493 3465 1
1517 3411 1548 3466 et
1571 3404 1606 3468 2.
1632 3405 1751 3468 Forum

121 3476 296 3545 arbitrium
312 3483 482 3552 terendum
498 3501 576 3556 erat.
964 3497 1062 3560 eliani
1087 3497 1244 3579 significat
1266 3507 1366 3564 totum
1397 3501 1595 3564 territorium
1624 3501 1658 3567 in
1685 3519 1751 3584 quo

165 3580 396 3649 Triaremedin
422 3600 607 3670 competunt
638 3605 746 3662 contra
778 3600 909 3666 laudum
964 3595 1104 3675 quisque
1130 3597 1231 3675 judex
1261 3595 1357 3657 babet
1382 3595 1661 3676 jurisdictionem.
1693 3599 1750 3680 (L.
1801 3629 1806 3644 ι

124 3697 186 3743 seu
202 3687 395 3748 sententiam
420 3689 571 3770 injustam
587 3696 710 3761 arbitri.
729 3700 815 3776 1⁰ls,
833 3720 910 3766 con·
964 3694 1123 3776 Puplum,
1147 3695 1225 3770 ⁶239.
1257 3693 1295 3758 ff·
1323 3695 1367 3756 1²⁰
1394 3695 1521 3759 '’libili'-
1552 3695 1750 3780 ‘linificam

122 3785 172 3841 tra
192 3797 289 3860 quem
304 3783 366 3849 lata
380 3795 439 3862 est,
456 3789 483 3851 si
501 3795 711 3858 conveniatur
723 3799 849 3863 actione
869 3818 909 3863 ex
962 3797 1034 3872 Quo
1048 3813 1145 3859 sensu
1161 3795 1258 3858 etiam
1275 3802 1339 3858 tcta
1359 3795 1506 3860 ‹limcesie
1520 3797 1639 3859 dicitur
1660 3799 1752 3862 terri·

122 3879 282 3956 stipulatu
299 3885 476 3964 adplenum
503 3893 692 3968 promissam
717 3895 906 3961 solvendam
962 3897 1081 3959 lorium
1130 3895 1272 3976 episcopi
1283 3941 1344 3960 .....
1387 3897 1498 3977 ltaque
1534 3897 1665 3976 proprie
1700 3897 1752 3962 lo·

121 3980 177 4042 acti
187 3989 293 4059 potest
308 3983 375 4047 dcli
388 3988 464 4050 meti
481 3993 676 4071 exceptione,
696 4001 727 4058 et
747 4005 908 4075 petentem
963 3995 1094 4076 quendo
1113 3994 1220 4064 lorum
1242 4002 1428 4076 competens
1460 4002 1591 4060 vocatur
1612 3997 1751 4063 tribunal

123 4079 296 4156 repellere.
314 4085 446 4149 -201n
462 4104 537 4150 casu
556 4088 697 4153 lesionis
717 4093 800 4156 ultra
814 4095 909 4157 dimi·
957 4095 1093 4190 judicis,
1106 4098 1199 4178 cujus
1223 4095 1447 4197 jurisdiqtioni
1469 4115 1544 4161 raus
1568 4098 1749 4179 subjicitur,

123 4177 218 4257 dium
233 4179 312 4262 justi
331 4187 444 4263 pretii;
464 4188 506 4250 ita
524 4189 617 4252 lesus
630 4193 787 4258 intentare
803 4205 909 4275 potest
962 4197 1078 4260 sivein
1094 4213 1159 4278 quo
1179 4198 1305 4270 reusch
1327 4206 1433 4261 actore
1461 4199 1629 4263 conveniri
1657 4198 1752 4262 debet

123 4283 318 4357 remedium,
336 4287 462 4351 etiamsi
485 4289 615 4353 laudum
639 4298 672 4353 et
692 4294 907 4360 arbitramen-
963 4305 994 4360 et
1026 4306 1174 4378 potest...
1205 4299 1361 4380 Adeoque
1382 4299 1489 4362 iorum
1505 4299 1595 4362 'dicit
1628 4305 1659 4362 et
1686 4295 1748 4360 im·

123 4385 194 4441 tum
211 4385 428 4461 approbasset.
446 4423 485 4433 -
498 4391 530 4452 3⁰
549 4390 580 4452 Si
600 4390 731 4456 laudum
748 4397 909 4460 contineat
963 4404 1082 4478 portat,
1109 4406 1176 4462 tum
1199 4397 1462 4480 jurisdictionem
1484 4415 1557 4480 quac
1581 4407 1749 4466 exercetur

123 4477 330 4559 iniquitatem
344 4487 499 4551 notoriam
517 4498 547 4552 et
566 4491 780 4568 manifestam,
793 4495 909 4560 admit·

123 4583 206 4646 titur
217 4585 311 4649 etlam
328 4589 417 4654 abeo
432 4595 617 4673 appellatio,
629 4597 754 4660 etiamsi
766 4616 910 4680 compro·

124 4685 264 4748 missum
278 4691 318 4750 sit
330 4689 515 4771 juramento
529 4697 762 4772 confirmatum,
778 4701 828 4762 vel
846 4699 909 4763 sal·

120 4790 190 4848 tem
203 4787 348 4852 reductio
364 4791 448 4856 laudi
470 4797 509 4857 ad
534 4797 701 4861 arbitrium
727 4801 802 4863 boni
833 4802 906 4878 riri,

122 4893 260 4966 quaeest
279 4891 423 4968 qumdam
438 4895 531 4973 quasi
550 4895 760 4976 appellatio...
779 4901 907 4981 (Hacte-

120 5008 189 5054 nus
213 4997 480 5074 essentitatem
507 5001 555 5064 tit.
580 5021 661 5070 xxrn
682 5004 726 5066 lta
751 4991 906 5084 arbitria,

121 5090 184 5153 lib.
202 5111 212 5152 ι
227 5095 392 5180 Dcrrctcl.)

426 5261 541 5320 CAPUT
562 5264 629 5321 llll.

374 5375 413 5432 Dc
425 5378 482 5448 soro
497 5361 662 5448 competenti.

165 5500 248 5577 Quia
270 5500 457 5584 irxrisdictio
487 5523 545 5569 seu
576 5504 637 5568 lori
671 5509 905 5586 competentia,

126 5601 228 5663 totius
245 5601 362 5682 judicii
382 5607 572 5670 contentiosi
597 5605 841 5670 tundamentum
855 5609 909 5683 sit,

963 4497 998 4560 in
1031 4497 1143 4562 litibus
1172 4497 1381 4574 dirimendis,
1415 4507 1483 4561 tum
1511 4498 1607 4562 eliam
1639 4499 1746 4572 locum
1831 4559 1834 4567 .

963 4615 1024 4660 seu
1065 4596 1208 4661 tribunal
1242 4597 1276 4660 in
1316 4615 1382 4679 quo
1417 4598 1493 4662 lites
1534 4599 1750 4674 dirimuntur,

963 4697 1008 4761 ita
1039 4708 1075 4761 ut
1103 4698 1210 4760 iorum
1239 4699 1281 4760 sit
1314 4698 1440 4780 aliquid
1472 4706 1692 4779 aggregatum
1716 4709 1749 4764 et

964 4799 1177 4880 compositum
1192 4816 1232 4862 ex
1255 4800 1433 4880 utrisque.»
1450 4801 1624 4879 (Proerna.
1648 4801 1682 4870 in
1701 4801 1749 4864 tit.

965 4917 1007 4976 ιι,
1025 4901 1084 4963 lib.
1105 4919 1129 4962 ιι
1147 4899 1310 4964 Decrctcl.
1330 4909 1414 4964 sect.
1433 4903 1468 4978 l,
1490 4901 1568 4984 51.)

1003 5002 1049 5065 ll.
1075 4999 1257 5081 Quotnplecr
1288 5001 1328 5066 rr't
1359 5001 1470 5082 {cruci
1498 4999 1682 5064 *alliud
1702 5005 1752 5062 cst

963 5099 1070 5163 forum
1085 5109 1258 5180 competens
1270 5099 1315 5174 ,in
1330 5116 1397 5181 quo
1418 5117 1493 5162 reus
1507 5098 1675 5163 conveniri
1697 5113 1753 5177 po·

965 5209 1027 5262 test
1056 5207 1086 5263 et
1115 5200 1225 5274 debet,
1257 5199 1304 5261 cel
1335 5201 1392 5264 ubi
1417 5201 1520 5281 index
1550 5207 1599 5263 est
1627 5215 1752 5276 compe·

964 5309 1036 5364 tens
1064 5306 1094 5363 et
1123 5299 1386 5380 jurisdictionem
1416 5300 1538 5364 babens
1569 5300 1604 5363 in
1635 5316 1749 5374 reum;

965 5399 1053 5462 aliud
1082 5405 1130 5460 est
1150 5399 1376 5479 incompetens,
1397 5398 1453 5462 ubi
1479 5415 1555 5462 reus
1583 5397 1749 5461 conveniri

965 5515 1024 5562 neo
1037 5505 1151 5577 potest,
1161 5497 1335 5563 necdebct.
1353 5499 1543 5580 competens
1555 5496 1750 5560 dividiturin

966 5599 1208 5662 ecclesiasticum
1228 5605 1256 5659 at
1270 5597 1701 5669 cocciores-ecclesiasticum
1717 5597 1750 5659 iu

126 5702 173 5765 ita
201 5710 236 5767 ut
262 5722 301 5768 eo
320 5705 488 5770 deficiente
506 5707 664 5788 judicium
699 5707 740 5768 sit
765 5707 910 5782 nultum;
966 5709 1130 5763 externum
1143 5705 1175 5764 et
1191 5701 1364 5765 internam.
1388 5702 1555 5763 laternum
1588 5697 1750 5812 inlocum

128 5803 205 5869 ideo
220 5807 325 5887 quoad
339 5822 597 5888 unamquamque
609 5823 735 5872 causam
751 5815 823 5871 ante
837 5823 907 5871 om·
968 5799 1186 5885 prmollcnliale
1210 5797 1278 5865 sire
1298 5797 1543 5878 sacramentale,
1572 5808 1607 5865 at
1630 5817 1669 5870 vn
1684 5813 1749 5867 ucat
